@ARTICLE{2020MNRAS.497..192H,
       author = {{Hon}, Wei Jeat and {Webster}, Rachel and {Wolf}, Christian},
        title = "{Changing look active galactic nuclei in the MaNGA survey}",
      journal = {\mnras},
     keywords = {galaxies: active, galaxies: emission lines, galaxies: general, galaxies: Seyfert, galaxies: supermassive black hole},
         year = 2020,
        month = sep,
       volume = {497},
       number = {1},
        pages = {192-203},
          doi = {10.1093/mnras/staa1939},
       adsurl = {https://ui.adsabs.harvard.edu/abs/2020MNRAS.497..192H},
      adsnote = {Provided by the SAO/NASA Astrophysics Data System}
}

@ARTICLE{2011MNRAS.410.1877S,
       author = {{Sergeev}, S.~G. and {Klimanov}, S.~A. and {Doroshenko}, V.~T. and {Efimov}, Yu. S. and {Nazarov}, S.~V. and {Pronik}, V.~I.},
        title = "{Variability of the 3C 390.3 nucleus in 2000-2007 and a new estimate of the central black hole mass}",
      journal = {\mnras},
         year = 2011,
        month = jan,
       volume = {410},
       number = {3},
        pages = {1877-1885},
          doi = {10.1111/j.1365-2966.2010.17569.x},
       adsurl = {https://ui.adsabs.harvard.edu/abs/2011MNRAS.410.1877S},
      adsnote = {Provided by the SAO/NASA Astrophysics Data System}
}

@ARTICLE{2013ApJ...773...90G,
       author = {{Grier}, C.~J. and {Martini}, P. and {Watson}, L.~C. and {Peterson}, B.~M. and {Bentz}, M.~C. and {Dasyra}, K.~M. and {Dietrich}, M. and {Ferrarese}, L. and {Pogge}, R.~W. and {Zu}, Y.},
        title = "{Stellar Velocity Dispersion Measurements in High-luminosity Quasar Hosts and Implications for the AGN Black Hole Mass Scale}",
      journal = {\apj},
     keywords = {galaxies: active, galaxies: kinematics and dynamics, galaxies: nuclei, quasars: individual: PG1411+442 PG1617+175 Mrk 509 PG 2130+099, Astrophysics - Cosmology and Nongalactic Astrophysics},
         year = 2013,
        month = aug,
       volume = {773},
       number = {2},
          eid = {90},
        pages = {90},
          doi = {10.1088/0004-637X/773/2/90},
archivePrefix = {arXiv},
       eprint = {1305.2447},
 primaryClass = {astro-ph.CO},
       adsurl = {https://ui.adsabs.harvard.edu/abs/2013ApJ...773...90G},
      adsnote = {Provided by the SAO/NASA Astrophysics Data System}
}



@ARTICLE{2002ApJ...579..530W,
       author = {{Woo}, Jong-Hak and {Urry}, C. Megan},
        title = "{Active Galactic Nucleus Black Hole Masses and Bolometric Luminosities}",
      journal = {\apj},
     keywords = {Black Hole Physics, Galaxies: Active, Galaxies: Nuclei, Galaxies: Quasars: General, Astrophysics},
         year = 2002,
        month = nov,
       volume = {579},
       number = {2},
        pages = {530-544},
          doi = {10.1086/342878},
archivePrefix = {arXiv},
       eprint = {astro-ph/0207249},
 primaryClass = {astro-ph},
       adsurl = {https://ui.adsabs.harvard.edu/abs/2002ApJ...579..530W},
      adsnote = {Provided by the SAO/NASA Astrophysics Data System}
}





@ARTICLE{2005ApJ...632..799P,
       author = {{Peterson}, Bradley M. and {Bentz}, Misty C. and {Desroches}, Louis-Benoit and {Filippenko}, Alexei V. and {Ho}, Luis C. and {Kaspi}, Shai and {Laor}, Ari and {Maoz}, Dan and {Moran}, Edward C. and {Pogge}, Richard W. and {Quillen}, Alice C.},
        title = "{Multiwavelength Monitoring of the Dwarf Seyfert 1 Galaxy NGC 4395. I. A Reverberation-based Measurement of the Black Hole Mass}",
      journal = {\apj},
     keywords = {Galaxies: Active, Galaxies: Nuclei, Galaxies: Seyfert, Galaxies: Quasars: Emission Lines, Ultraviolet: Galaxies, Astrophysics},
         year = 2005,
        month = oct,
       volume = {632},
       number = {2},
        pages = {799-808},
          doi = {10.1086/444494},
archivePrefix = {arXiv},
       eprint = {astro-ph/0506665},
 primaryClass = {astro-ph},
       adsurl = {https://ui.adsabs.harvard.edu/abs/2005ApJ...632..799P},
      adsnote = {Provided by the SAO/NASA Astrophysics Data System}
}

@ARTICLE{2009ApJ...690.1322W,
       author = {{Winter}, Lisa M. and {Mushotzky}, Richard F. and {Reynolds}, Christopher S. and {Tueller}, Jack},
        title = "{X-Ray Spectral Properties of the BAT AGN Sample}",
      journal = {\apj},
     keywords = {galaxies: active, surveys, X-rays: galaxies, Astrophysics},
         year = 2009,
        month = jan,
       volume = {690},
       number = {2},
        pages = {1322-1349},
          doi = {10.1088/0004-637X/690/2/1322},
archivePrefix = {arXiv},
       eprint = {0808.0461},
 primaryClass = {astro-ph},
       adsurl = {https://ui.adsabs.harvard.edu/abs/2009ApJ...690.1322W},
      adsnote = {Provided by the SAO/NASA Astrophysics Data System}
}

@ARTICLE{2017ApJ...850...74K,
       author = {{Koss}, Michael and {Trakhtenbrot}, Benny and {Ricci}, Claudio and {Lamperti}, Isabella and {Oh}, Kyuseok and {Berney}, Simon and {Schawinski}, Kevin and {Balokovi{\'c}}, Mislav and {Baronchelli}, Linda and {Crenshaw}, D. Michael and {Fischer}, Travis and {Gehrels}, Neil and {Harrison}, Fiona and {Hashimoto}, Yasuhiro and {Hogg}, Drew and {Ichikawa}, Kohei and {Masetti}, Nicola and {Mushotzky}, Richard and {Sartori}, Lia and {Stern}, Daniel and {Treister}, Ezequiel and {Ueda}, Yoshihiro and {Veilleux}, Sylvain and {Winter}, Lisa},
        title = "{BAT AGN Spectroscopic Survey. I. Spectral Measurements, Derived Quantities, and AGN Demographics}",
      journal = {\apj},
     keywords = {black hole physics, galaxies: active, galaxies: nuclei, quasars: general, Astrophysics - High Energy Astrophysical Phenomena, Astrophysics - Astrophysics of Galaxies},
         year = 2017,
        month = nov,
       volume = {850},
       number = {1},
          eid = {74},
        pages = {74},
          doi = {10.3847/1538-4357/aa8ec9},
archivePrefix = {arXiv},
       eprint = {1707.08123},
 primaryClass = {astro-ph.HE},
       adsurl = {https://ui.adsabs.harvard.edu/abs/2017ApJ...850...74K},
      adsnote = {Provided by the SAO/NASA Astrophysics Data System}
}

@ARTICLE{2014MNRAS.445.3073P,
       author = {{Pancoast}, Anna and {Brewer}, Brendon J. and {Treu}, Tommaso and {Park}, Daeseong and {Barth}, Aaron J. and {Bentz}, Misty C. and {Woo}, Jong-Hak},
        title = "{Modelling reverberation mapping data - II. Dynamical modelling of the Lick AGN Monitoring Project 2008 data set}",
      journal = {\mnras},
     keywords = {methods: statistical, galaxies: active, galaxies: nuclei, Astrophysics - Cosmology and Nongalactic Astrophysics},
         year = 2014,
        month = dec,
       volume = {445},
       number = {3},
        pages = {3073-3091},
          doi = {10.1093/mnras/stu1419},
archivePrefix = {arXiv},
       eprint = {1311.6475},
 primaryClass = {astro-ph.CO},
       adsurl = {https://ui.adsabs.harvard.edu/abs/2014MNRAS.445.3073P},
      adsnote = {Provided by the SAO/NASA Astrophysics Data System}
}



@ARTICLE{2017MNRAS.468L..97O,
       author = {{Onori}, F. and {Ricci}, F. and {La Franca}, F. and {Bianchi}, S. and {Bongiorno}, A. and {Brusa}, M. and {Fiore}, F. and {Maiolino}, R. and {Marconi}, A. and {Sani}, E. and {Vignali}, C.},
        title = "{Detection of faint broad emission lines in type 2 AGN - II. On the measurement of the black hole mass of type 2 AGN and the unified model}",
      journal = {\mnras},
     keywords = {galaxies: active, quasars: emission lines, quasars: supermassive black holes, galaxies: Seyfert, infrared: galaxies, Astrophysics - Astrophysics of Galaxies},
         year = 2017,
        month = jun,
       volume = {468},
       number = {1},
        pages = {L97-L102},
          doi = {10.1093/mnrasl/slx032},
archivePrefix = {arXiv},
       eprint = {1703.05167},
 primaryClass = {astro-ph.GA},
       adsurl = {https://ui.adsabs.harvard.edu/abs/2017MNRAS.468L..97O},
      adsnote = {Provided by the SAO/NASA Astrophysics Data System}
}



@ARTICLE{2021MNRAS.507..687J,
       author = {{Jana}, Arghajit and {Kumari}, Neeraj and {Nandi}, Prantik and {Naik}, Sachindra and {Chatterjee}, Arka and {Jaisawal}, Gaurava K. and {Hayasaki}, Kimitake and {Ricci}, Claudio},
        title = "{Broad-band X-ray observations of the 2018 outburst of the changing-look active galactic nucleus NGC 1566}",
      journal = {\mnras},
     keywords = {galaxies: active, galaxies: Seyfert, X-rays: galaxies, X-rays: individual: NGC 1566, Astrophysics - High Energy Astrophysical Phenomena, Astrophysics - Astrophysics of Galaxies},
         year = 2021,
        month = oct,
       volume = {507},
       number = {1},
        pages = {687-703},
          doi = {10.1093/mnras/stab2155},
archivePrefix = {arXiv},
       eprint = {2107.11127},
 primaryClass = {astro-ph.HE},
       adsurl = {https://ui.adsabs.harvard.edu/abs/2021MNRAS.507..687J},
      adsnote = {Provided by the SAO/NASA Astrophysics Data System}
}

@ARTICLE{2021A&A...650A..33P,
       author = {{Potts}, B. and {Villforth}, C.},
        title = "{A systematic search for changing-look quasars in SDSS-II using difference spectra}",
      journal = {\aap},
     keywords = {galaxies: active, accretion, accretion disks, Astrophysics - Astrophysics of Galaxies, Astrophysics - Cosmology and Nongalactic Astrophysics, Astrophysics - High Energy Astrophysical Phenomena},
         year = 2021,
        month = jun,
       volume = {650},
          eid = {A33},
        pages = {A33},
          doi = {10.1051/0004-6361/202140597},
archivePrefix = {arXiv},
       eprint = {2104.14225},
 primaryClass = {astro-ph.GA},
       adsurl = {https://ui.adsabs.harvard.edu/abs/2021A&A...650A..33P},
      adsnote = {Provided by the SAO/NASA Astrophysics Data System}
}

@ARTICLE{2021MNRAS.502L..50S,
       author = {{Scepi}, Nicolas and {Begelman}, Mitchell C. and {Dexter}, Jason},
        title = "{Magnetic flux inversion in a peculiar changing look AGN}",
      journal = {\mnras},
     keywords = {accretion, accretion discs, magnetic fields, galaxies: active, Astrophysics - High Energy Astrophysical Phenomena},
         year = 2021,
        month = mar,
       volume = {502},
       number = {1},
        pages = {L50-L54},
          doi = {10.1093/mnrasl/slab002},
archivePrefix = {arXiv},
       eprint = {2011.01954},
 primaryClass = {astro-ph.HE},
       adsurl = {https://ui.adsabs.harvard.edu/abs/2021MNRAS.502L..50S},
      adsnote = {Provided by the SAO/NASA Astrophysics Data System}
}

@ARTICLE{2021ApJ...909...18F,
       author = {{Feng}, Hai-Cheng and {Hu}, Chen and {Li}, Sha-Sha and {Liu}, H.~T. and {Bai}, J.~M. and {Xing}, Li-Feng and {Wang}, Wei-Yang and {Yang}, Zi-Xu and {Xiao}, Ming and {Lu}, Kai-Xing},
        title = "{Reverberation Mapping of Changing-look Active Galactic Nucleus NGC 3516}",
      journal = {\apj},
     keywords = {Active galaxies, Photometry, Reverberation mapping, Seyfert galaxies, Spectroscopy, Supermassive black holes, 17, 1234, 2019, 1447, 1558, 1663, Astrophysics - Astrophysics of Galaxies},
         year = 2021,
        month = mar,
       volume = {909},
       number = {1},
          eid = {18},
        pages = {18},
          doi = {10.3847/1538-4357/abd851},
archivePrefix = {arXiv},
       eprint = {2012.15572},
 primaryClass = {astro-ph.GA},
       adsurl = {https://ui.adsabs.harvard.edu/abs/2021ApJ...909...18F},
      adsnote = {Provided by the SAO/NASA Astrophysics Data System}
}

@ARTICLE{2021IAUS..356..122W,
       author = {{Winkler}, Hartmut},
        title = "{Revisiting old (AGN) friends - what's changed in their spectral looks}",
      journal = {IAU Symposium},
     keywords = {galaxies: Seyfert, line: profiles, galaxies: individual (Fairall 9, IC 4329A, Mrk 926), Astrophysics - Astrophysics of Galaxies},
         year = 2021,
        month = jan,
       volume = {356},
        pages = {122-126},
          doi = {10.1017/S1743921320002719},
archivePrefix = {arXiv},
       eprint = {2001.04681},
 primaryClass = {astro-ph.GA},
       adsurl = {https://ui.adsabs.harvard.edu/abs/2021IAUS..356..122W},
      adsnote = {Provided by the SAO/NASA Astrophysics Data System}
}

@ARTICLE{2021ApJ...907L..21D,
       author = {{Dodd}, Sierra A. and {Law-Smith}, Jamie A.~P. and {Auchettl}, Katie and {Ramirez-Ruiz}, Enrico and {Foley}, Ryan J.},
        title = "{The Landscape of Galaxies Harboring Changing-look Active Galactic Nuclei in the Local Universe}",
      journal = {\apjl},
     keywords = {AGN host galaxies, Active galactic nuclei, Galaxy properties, black hole physics, Galaxy evolution, Galaxy nuclei, 2017, 16, 615, 159, 594, 609, Astrophysics - Astrophysics of Galaxies, Astrophysics - High Energy Astrophysical Phenomena},
         year = 2021,
        month = jan,
       volume = {907},
       number = {1},
          eid = {L21},
        pages = {L21},
          doi = {10.3847/2041-8213/abd852},
archivePrefix = {arXiv},
       eprint = {2010.10527},
 primaryClass = {astro-ph.GA},
       adsurl = {https://ui.adsabs.harvard.edu/abs/2021ApJ...907L..21D},
      adsnote = {Provided by the SAO/NASA Astrophysics Data System}
}

@ARTICLE{2020MNRAS.499.5396J,
       author = {{Jana}, Arghajit and {Chatterjee}, Arka and {Kumari}, Neeraj and {Nandi}, Prantik and {Naik}, Sachindra and {Patra}, Dusmanta},
        title = "{Probing the nuclear and circumnuclear properties of NGC 6300 using X-ray observations}",
      journal = {\mnras},
     keywords = {galaxies: active, galaxies: Seyfert, X-rays: galaxies, X-rays: individual: NGC 6300, Astrophysics - High Energy Astrophysical Phenomena, Astrophysics - Astrophysics of Galaxies},
         year = 2020,
        month = dec,
       volume = {499},
       number = {4},
        pages = {5396-5409},
          doi = {10.1093/mnras/staa2552},
archivePrefix = {arXiv},
       eprint = {2008.08033},
 primaryClass = {astro-ph.HE},
       adsurl = {https://ui.adsabs.harvard.edu/abs/2020MNRAS.499.5396J},
      adsnote = {Provided by the SAO/NASA Astrophysics Data System}
}

@ARTICLE{2020A&A...644L...5H,
       author = {{Hutsem{\'e}kers}, D. and {Ag{\'\i}s Gonz{\'a}lez}, B. and {Marin}, F. and {Sluse}, D.},
        title = "{Spectropolarimetry of the changing-look active galactic nucleus Mrk 1018}",
      journal = {\aap},
     keywords = {galaxies: active, galaxies: nuclei, quasars: general, galaxies: Seyfert, quasars: emission lines, Astrophysics - Astrophysics of Galaxies},
         year = 2020,
        month = dec,
       volume = {644},
          eid = {L5},
        pages = {L5},
          doi = {10.1051/0004-6361/202039760},
archivePrefix = {arXiv},
       eprint = {2011.12634},
 primaryClass = {astro-ph.GA},
       adsurl = {https://ui.adsabs.harvard.edu/abs/2020A&A...644L...5H},
      adsnote = {Provided by the SAO/NASA Astrophysics Data System}
}

@ARTICLE{2020MNRAS.499.1005W,
       author = {{Wolf}, Christian and {Golding}, Jacob and {Hon}, Wei Jeat and {Onken}, Christopher A.},
        title = "{SkyMapper colours of Seyfert galaxies and Changing-Look AGN}",
      journal = {\mnras},
     keywords = {methods: observational, surveys, galaxies: evolution, galaxies: Seyfert, Astrophysics - Astrophysics of Galaxies, Astrophysics - Instrumentation and Methods for Astrophysics},
         year = 2020,
        month = nov,
       volume = {499},
       number = {1},
        pages = {1005-1022},
          doi = {10.1093/mnras/staa2794},
archivePrefix = {arXiv},
       eprint = {2009.04688},
 primaryClass = {astro-ph.GA},
       adsurl = {https://ui.adsabs.harvard.edu/abs/2020MNRAS.499.1005W},
      adsnote = {Provided by the SAO/NASA Astrophysics Data System}
}

@ARTICLE{2020MNRAS.498.2339R,
       author = {{Ross}, Nicholas P. and {Graham}, Matthew J. and {Calderone}, Giorgio and {Ford}, K.~E. Saavik and {McKernan}, Barry and {Stern}, Daniel},
        title = "{The first high-redshift changing-look quasars}",
      journal = {\mnras},
     keywords = {accretion, accretion discs, surveys, quasars: general, quasars: individual (SDSS J120544.7+342252.4, SDSS J163852.9+28270.7.7, SDSS J222818.7 + 220102.9), Astrophysics - Astrophysics of Galaxies},
         year = 2020,
        month = oct,
       volume = {498},
       number = {2},
        pages = {2339-2353},
          doi = {10.1093/mnras/staa2415},
archivePrefix = {arXiv},
       eprint = {1912.05310},
 primaryClass = {astro-ph.GA},
       adsurl = {https://ui.adsabs.harvard.edu/abs/2020MNRAS.498.2339R},
      adsnote = {Provided by the SAO/NASA Astrophysics Data System}
}

@ARTICLE{2020MNRAS.498..718O,
       author = {{Oknyansky}, V.~L. and {Winkler}, H. and {Tsygankov}, S.~S. and {Lipunov}, V.~M. and {Gorbovskoy}, E.~S. and {van Wyk}, F. and {Buckley}, D.~A.~H. and {Jiang}, B.~W. and {Tyurina}, N.~V.},
        title = "{The post-maximum behaviour of the changing-look Seyfert galaxy NGC 1566}",
      journal = {\mnras},
     keywords = {dust, extinction, galaxies: active, galaxies: individual: NGC 1566, galaxies: Seyfert, X-rays: galaxies, Astrophysics - Astrophysics of Galaxies, Astrophysics - High Energy Astrophysical Phenomena},
         year = 2020,
        month = oct,
       volume = {498},
       number = {1},
        pages = {718-727},
          doi = {10.1093/mnras/staa1552},
archivePrefix = {arXiv},
       eprint = {2006.00001},
 primaryClass = {astro-ph.GA},
       adsurl = {https://ui.adsabs.harvard.edu/abs/2020MNRAS.498..718O},
      adsnote = {Provided by the SAO/NASA Astrophysics Data System}
}

@ARTICLE{2020ApJ...901....1W,
       author = {{Wang}, J. and {Xu}, D.~W. and {Wei}, J.~Y.},
        title = "{An X-Ray Luminosity-dependent ``Changing-look'' Phenomenon in UGC 3223}",
      journal = {\apj},
     keywords = {Active galactic nuclei, X-ray active galactic nuclei, Seyfert galaxies, 16, 2035, 1447, Astrophysics - Astrophysics of Galaxies, Astrophysics - High Energy Astrophysical Phenomena},
         year = 2020,
        month = sep,
       volume = {901},
       number = {1},
          eid = {1},
        pages = {1},
          doi = {10.3847/1538-4357/abaa48},
archivePrefix = {arXiv},
       eprint = {2007.14547},
 primaryClass = {astro-ph.GA},
       adsurl = {https://ui.adsabs.harvard.edu/abs/2020ApJ...901....1W},
      adsnote = {Provided by the SAO/NASA Astrophysics Data System}
}

@ARTICLE{2020MNRAS.491.4925G,
       author = {{Graham}, Matthew J. and {Ross}, Nicholas P. and {Stern}, Daniel and {Drake}, Andrew J. and {McKernan}, Barry and {Ford}, K.~E. Saavik and {Djorgovski}, S.~G. and {Mahabal}, Ashish A. and {Glikman}, Eilat and {Larson}, Steve and {Christensen}, Eric},
        title = "{Understanding extreme quasar optical variability with CRTS - II. Changing-state quasars}",
      journal = {\mnras},
     keywords = {methods: data analysis, techniques: photometric, surveys, quasars: general, Astrophysics - Astrophysics of Galaxies},
         year = 2020,
        month = feb,
       volume = {491},
       number = {4},
        pages = {4925-4948},
          doi = {10.1093/mnras/stz3244},
archivePrefix = {arXiv},
       eprint = {1905.02262},
 primaryClass = {astro-ph.GA},
       adsurl = {https://ui.adsabs.harvard.edu/abs/2020MNRAS.491.4925G},
      adsnote = {Provided by the SAO/NASA Astrophysics Data System}
}

@ARTICLE{2020MNRAS.491.4615K,
       author = {{Kokubo}, Mitsuru and {Minezaki}, Takeo},
        title = "{Rapid luminosity decline and subsequent reformation of the innermost dust distribution in the changing-look AGN Mrk 590}",
      journal = {\mnras},
     keywords = {accretion, accretion discs, dust, extinction, galaxies: active, quasars: general, quasars: individual (Mrk 590), Astrophysics - Astrophysics of Galaxies, Astrophysics - High Energy Astrophysical Phenomena},
         year = 2020,
        month = feb,
       volume = {491},
       number = {4},
        pages = {4615-4633},
          doi = {10.1093/mnras/stz3397},
archivePrefix = {arXiv},
       eprint = {1904.08946},
 primaryClass = {astro-ph.GA},
       adsurl = {https://ui.adsabs.harvard.edu/abs/2020MNRAS.491.4615K},
      adsnote = {Provided by the SAO/NASA Astrophysics Data System}
}

@ARTICLE{2020ApJ...889...46S,
       author = {{Sheng}, Zhenfeng and {Wang}, Tinggui and {Jiang}, Ning and {Ding}, Jiani and {Cai}, Zheng and {Guo}, Hengxiao and {Sun}, Luming and {Dou}, Liming and {Yang}, Chenwei},
        title = "{Initial Results from a Systematic Search for Changing-look Active Galactic Nuclei Selected via Mid-infrared Variability}",
      journal = {\apj},
     keywords = {17, 790, 609, Astrophysics - Astrophysics of Galaxies},
         year = 2020,
        month = jan,
       volume = {889},
       number = {1},
          eid = {46},
        pages = {46},
          doi = {10.3847/1538-4357/ab5af9},
archivePrefix = {arXiv},
       eprint = {1905.02904},
 primaryClass = {astro-ph.GA},
       adsurl = {https://ui.adsabs.harvard.edu/abs/2020ApJ...889...46S},
      adsnote = {Provided by the SAO/NASA Astrophysics Data System}
}

@INPROCEEDINGS{2019sf2a.conf..509M,
       author = {{Marin}, F. and {Hutsem{\'e}kers}, D. and {Ag{\'\i}s Gonz{\'a}lez}, B.},
        title = "{Changing-look Seyfert galaxies with optical linear polarization measurements}",
     keywords = {Galaxies: active, galaxies: quasars, galaxies: Seyfert, polarization, Astrophysics - Astrophysics of Galaxies, 85-06, J.2},
    booktitle = {SF2A-2019: Proceedings of the Annual meeting of the French Society of Astronomy and Astrophysics},
         year = 2019,
       editor = {{Di Matteo}, P. and {Creevey}, O. and {Crida}, A. and {Kordopatis}, G. and {Malzac}, J. and {Marquette}, J. -B. and {N'Diaye}, M. and {Venot}, O.},
        month = dec,
        pages = {Di},
archivePrefix = {arXiv},
       eprint = {1909.02801},
 primaryClass = {astro-ph.GA},
       adsurl = {https://ui.adsabs.harvard.edu/abs/2019sf2a.conf..509M},
      adsnote = {Provided by the SAO/NASA Astrophysics Data System}
}

@ARTICLE{2019ApJ...887...15W,
       author = {{Wang}, J. and {Xu}, D.~W. and {Wang}, Y. and {Zhang}, J.~B. and {Zheng}, J. and {Wei}, J.~Y.},
        title = "{Two New {\textquotedblleft}Turn-off{\textquotedblright} Changing-look Active Galactic Nuclei and Implication on {\textquotedblleft}Partially Obscured{\textquotedblright} AGNs}",
      journal = {\apj},
     keywords = {Active galactic nuclei, Quasars, Astrophysical masers, 16, 1319, 103, Astrophysics - Astrophysics of Galaxies},
         year = 2019,
        month = dec,
       volume = {887},
       number = {1},
          eid = {15},
        pages = {15},
          doi = {10.3847/1538-4357/ab4d90},
archivePrefix = {arXiv},
       eprint = {1910.02392},
 primaryClass = {astro-ph.GA},
       adsurl = {https://ui.adsabs.harvard.edu/abs/2019ApJ...887...15W},
      adsnote = {Provided by the SAO/NASA Astrophysics Data System}
}

@ARTICLE{2019ApJ...884..106M,
       author = {{Miller}, J.~M. and {Kammoun}, E. and {Ludlam}, R.~M. and {Gendreau}, K. and {Arzoumanian}, Z. and {Cackett}, E. and {Tombesi}, F.},
        title = "{A NICER Look at Strong X-Ray Obscuration in the Seyfert-2 Galaxy NGC 4388}",
      journal = {\apj},
     keywords = {Black hole physics, X-ray active galactic nuclei, Active galactic nuclei, Accretion, 159, 2035, 16, 14, Astrophysics - High Energy Astrophysical Phenomena},
         year = 2019,
        month = oct,
       volume = {884},
       number = {2},
          eid = {106},
        pages = {106},
          doi = {10.3847/1538-4357/ab3e05},
archivePrefix = {arXiv},
       eprint = {1908.08023},
 primaryClass = {astro-ph.HE},
       adsurl = {https://ui.adsabs.harvard.edu/abs/2019ApJ...884..106M},
      adsnote = {Provided by the SAO/NASA Astrophysics Data System}
}

@ARTICLE{2019arXiv190904676R,
       author = {{Ruan}, John J. and {Anderson}, Scott F. and {Eracleous}, Michael and {Green}, Paul J. and {Haggard}, Daryl and {MacLeod}, Chelsea L. and {Runnoe}, Jessie C. and {Sobolewska}, Malgosia A.},
        title = "{Tracing the AGN/X-ray Binary Analogy with Light Curves of Individual Changing-Look AGN}",
      journal = {arXiv e-prints},
     keywords = {Astrophysics - High Energy Astrophysical Phenomena},
         year = 2019,
        month = sep,
          eid = {arXiv:1909.04676},
        pages = {arXiv:1909.04676},
archivePrefix = {arXiv},
       eprint = {1909.04676},
 primaryClass = {astro-ph.HE},
       adsurl = {https://ui.adsabs.harvard.edu/abs/2019arXiv190904676R},
      adsnote = {Provided by the SAO/NASA Astrophysics Data System}
}

@ARTICLE{2019ApJ...883...94T,
       author = {{Trakhtenbrot}, Benny and {Arcavi}, Iair and {MacLeod}, Chelsea L. and {Ricci}, Claudio and {Kara}, Erin and {Graham}, Melissa L. and {Stern}, Daniel and {Harrison}, Fiona A. and {Burke}, Jamison and {Hiramatsu}, Daichi and {Hosseinzadeh}, Griffin and {Howell}, D. Andrew and {Smartt}, Stephen J. and {Rest}, Armin and {Prieto}, Jose L. and {Shappee}, Benjamin J. and {Holoien}, Thomas W. -S. and {Bersier}, David and {Filippenko}, Alexei V. and {Brink}, Thomas G. and {Zheng}, WeiKang and {Li}, Ruancun and {Remillard}, Ronald A. and {Loewenstein}, Michael},
        title = "{1ES 1927+654: An AGN Caught Changing Look on a Timescale of Months}",
      journal = {\apj},
     keywords = {galaxies: active, galaxies: individual: 1ES 1927+654, galaxies: nuclei, quasars: emission lines, quasars: general, Astrophysics - Astrophysics of Galaxies, Astrophysics - High Energy Astrophysical Phenomena},
         year = 2019,
        month = sep,
       volume = {883},
       number = {1},
          eid = {94},
        pages = {94},
          doi = {10.3847/1538-4357/ab39e4},
archivePrefix = {arXiv},
       eprint = {1903.11084},
 primaryClass = {astro-ph.GA},
       adsurl = {https://ui.adsabs.harvard.edu/abs/2019ApJ...883...94T},
      adsnote = {Provided by the SAO/NASA Astrophysics Data System}
}

@ARTICLE{2019ApJ...883...76R,
       author = {{Ruan}, John J. and {Anderson}, Scott F. and {Eracleous}, Michael and {Green}, Paul J. and {Haggard}, Daryl and {MacLeod}, Chelsea L. and {Runnoe}, Jessie C. and {Sobolewska}, Malgosia A.},
        title = "{The Analogous Structure of Accretion Flows in Supermassive and Stellar Mass Black Holes: New Insights from Faded Changing-look Quasars}",
      journal = {\apj},
     keywords = {Quasars, Active galactic nuclei, Supermassive black holes, X-ray binary stars, 1319, 16, 1663, 1811, Astrophysics - High Energy Astrophysical Phenomena},
         year = 2019,
        month = sep,
       volume = {883},
       number = {1},
          eid = {76},
        pages = {76},
          doi = {10.3847/1538-4357/ab3c1a},
archivePrefix = {arXiv},
       eprint = {1903.02553},
 primaryClass = {astro-ph.HE},
       adsurl = {https://ui.adsabs.harvard.edu/abs/2019ApJ...883...76R},
      adsnote = {Provided by the SAO/NASA Astrophysics Data System}
}

@ARTICLE{2019ApJ...883...31F,
       author = {{Frederick}, Sara and {Gezari}, Suvi and {Graham}, Matthew J. and {Cenko}, S. Bradley and {van Velzen}, Sjoert and {Stern}, Daniel and {Blagorodnova}, Nadejda and {Kulkarni}, Shrinivas R. and {Yan}, Lin and {De}, Kishalay and {Fremling}, U. Christoffer and {Hung}, Tiara and {Kara}, Erin and {Shupe}, David L. and {Ward}, Charlotte and {Bellm}, Eric C. and {Dekany}, Richard and {Duev}, Dmitry A. and {Feindt}, Ulrich and {Giomi}, Matteo and {Kupfer}, Thomas and {Laher}, Russ R. and {Masci}, Frank J. and {Miller}, Adam A. and {Neill}, James D. and {Ngeow}, Chow-Choong and {Patterson}, Maria T. and {Porter}, Michael and {Rusholme}, Ben and {Sollerman}, Jesper and {Walters}, Richard},
        title = "{A New Class of Changing-look LINERs}",
      journal = {\apj},
     keywords = {accretion, accretion disks, galaxies: active, galaxies: nuclei, quasars: emission lines, relativistic processes, Astrophysics - High Energy Astrophysical Phenomena, Astrophysics - Astrophysics of Galaxies},
         year = 2019,
        month = sep,
       volume = {883},
       number = {1},
          eid = {31},
        pages = {31},
          doi = {10.3847/1538-4357/ab3a38},
archivePrefix = {arXiv},
       eprint = {1904.10973},
 primaryClass = {astro-ph.HE},
       adsurl = {https://ui.adsabs.harvard.edu/abs/2019ApJ...883...31F},
      adsnote = {Provided by the SAO/NASA Astrophysics Data System}
}

@ARTICLE{2019MNRAS.487.4057K,
       author = {{Katebi}, Reza and {Chornock}, Ryan and {Berger}, Edo and {Jones}, David O. and {Lunnan}, Ragnhild and {Margutti}, Raffaella and {Rest}, Armin and {Scolnic}, Daniel M. and {Burgett}, William S. and {Kaiser}, Nick and {Kudritzki}, Rolf-Peter and {Magnier}, Eugene A. and {Wainscoat}, Richard J. and {Waters}, Christopher},
        title = "{PS1-13cbe: the rapid transition of a Seyfert 2 to a Seyfert 1}",
      journal = {\mnras},
     keywords = {accretion, accretion discs, black hole physics, galaxies: active, galaxies: nuclei},
         year = 2019,
        month = aug,
       volume = {487},
       number = {3},
        pages = {4057-4070},
          doi = {10.1093/mnras/stz1552},
       adsurl = {https://ui.adsabs.harvard.edu/abs/2019MNRAS.487.4057K},
      adsnote = {Provided by the SAO/NASA Astrophysics Data System}
}

@ARTICLE{2019MNRAS.487..667C,
       author = {{Chainakun}, P. and {Watcharangkool}, A. and {Young}, A.~J. and {Hancock}, S.},
        title = "{X-ray time lags in AGN: inverse-Compton scattering and spherical corona model}",
      journal = {\mnras},
     keywords = {accretion, accretion discs, black hole physics, galaxies: active, galaxies: individual: 1H0707-495, galaxies: individual: Ark 564, galaxies: individual: NGC 4051, galaxies: individual: IRAS 13224-3809, X-rays: galaxies, Astrophysics - High Energy Astrophysical Phenomena},
         year = 2019,
        month = jul,
       volume = {487},
       number = {1},
        pages = {667-680},
          doi = {10.1093/mnras/stz1319},
archivePrefix = {arXiv},
       eprint = {1905.03683},
 primaryClass = {astro-ph.HE},
       adsurl = {https://ui.adsabs.harvard.edu/abs/2019MNRAS.487..667C},
      adsnote = {Provided by the SAO/NASA Astrophysics Data System}
}

@ARTICLE{2019ApJ...874....8M,
       author = {{MacLeod}, Chelsea L. and {Green}, Paul J. and {Anderson}, Scott F. and {Bruce}, Alastair and {Eracleous}, Michael and {Graham}, Matthew and {Homan}, David and {Lawrence}, Andy and {LeBleu}, Amy and {Ross}, Nicholas P. and {Ruan}, John J. and {Runnoe}, Jessie and {Stern}, Daniel and {Burgett}, William and {Chambers}, Kenneth C. and {Kaiser}, Nick and {Magnier}, Eugene and {Metcalfe}, Nigel},
        title = "{Changing-look Quasar Candidates: First Results from Follow-up Spectroscopy of Highly Optically Variable Quasars}",
      journal = {\apj},
     keywords = {accretion, accretion disks, catalogs, quasars: emission lines, Astrophysics - Astrophysics of Galaxies},
         year = 2019,
        month = mar,
       volume = {874},
       number = {1},
          eid = {8},
        pages = {8},
          doi = {10.3847/1538-4357/ab05e2},
archivePrefix = {arXiv},
       eprint = {1810.00087},
 primaryClass = {astro-ph.GA},
       adsurl = {https://ui.adsabs.harvard.edu/abs/2019ApJ...874....8M},
      adsnote = {Provided by the SAO/NASA Astrophysics Data System}
}

@ARTICLE{2019MNRAS.483..558O,
       author = {{Oknyansky}, V.~L. and {Winkler}, H. and {Tsygankov}, S.~S. and {Lipunov}, V.~M. and {Gorbovskoy}, E.~S. and {van Wyk}, F. and {Buckley}, D.~A.~H. and {Tyurina}, N.~V.},
        title = "{New changing look case in NGC 1566}",
      journal = {\mnras},
     keywords = {galaxies: active, galaxies: individual: NGC 1566, galaxies: nuclei, galaxies: photometry, quasars: emission lines, galaxies: Seyfert, X-rays: galaxies, Astrophysics - Astrophysics of Galaxies, Astrophysics - High Energy Astrophysical Phenomena},
         year = 2019,
        month = feb,
       volume = {483},
       number = {1},
        pages = {558-564},
          doi = {10.1093/mnras/sty3133},
archivePrefix = {arXiv},
       eprint = {1811.06926},
 primaryClass = {astro-ph.GA},
       adsurl = {https://ui.adsabs.harvard.edu/abs/2019MNRAS.483..558O},
      adsnote = {Provided by the SAO/NASA Astrophysics Data System}
}

@ARTICLE{2018arXiv181103694K,
       author = {{Katebi}, Reza and {Chornock}, Ryan and {Berger}, Edo and {Jones}, David O. and {Lunnan}, Ragnhild and {Margutti}, Raffaella and {Rest}, Armin and {Scolnic}, Daniel M. and {Burgett}, William S. and {Kaiser}, Nick and {Kudritzki}, Rolf-Peter and {Magnier}, Eugene A. and {Wainscoat}, Richard J. and {Waters}, Christopher},
        title = "{PS1-13cbe: The Rapid ``Turn on'' of a Seyfert 1}",
      journal = {arXiv e-prints},
     keywords = {Astrophysics - Astrophysics of Galaxies, Astrophysics - High Energy Astrophysical Phenomena},
         year = 2018,
        month = nov,
          eid = {arXiv:1811.03694},
        pages = {arXiv:1811.03694},
archivePrefix = {arXiv},
       eprint = {1811.03694},
 primaryClass = {astro-ph.GA},
       adsurl = {https://ui.adsabs.harvard.edu/abs/2018arXiv181103694K},
      adsnote = {Provided by the SAO/NASA Astrophysics Data System}
}

@ARTICLE{2018MNRAS.480.3898N,
       author = {{Noda}, Hirofumi and {Done}, Chris},
        title = "{Explaining changing-look AGN with state transition triggered by rapid mass accretion rate drop}",
      journal = {\mnras},
     keywords = {galaxies: active, galaxies: individual: Mrk 1018, galaxies: Seyfert, X-rays: galaxies, Astrophysics - Astrophysics of Galaxies},
         year = 2018,
        month = nov,
       volume = {480},
       number = {3},
        pages = {3898-3906},
          doi = {10.1093/mnras/sty2032},
archivePrefix = {arXiv},
       eprint = {1805.07873},
 primaryClass = {astro-ph.GA},
       adsurl = {https://ui.adsabs.harvard.edu/abs/2018MNRAS.480.3898N},
      adsnote = {Provided by the SAO/NASA Astrophysics Data System}
}

@ARTICLE{2018ApJ...864...27S,
       author = {{Stern}, Daniel and {McKernan}, Barry and {Graham}, Matthew J. and {Ford}, K.~E.~S. and {Ross}, Nicholas P. and {Meisner}, Aaron M. and {Assef}, Roberto J. and {Balokovi{\'c}}, Mislav and {Brightman}, Murray and {Dey}, Arjun and {Drake}, Andrew and {Djorgovski}, S.~G. and {Eisenhardt}, Peter and {Jun}, Hyunsung D.},
        title = "{A Mid-IR Selected Changing-look Quasar and Physical Scenarios for Abrupt AGN Fading}",
      journal = {\apj},
     keywords = {galaxies: active, quasars: individual: WISE J105203.55+151929.5, Astrophysics - Astrophysics of Galaxies},
         year = 2018,
        month = sep,
       volume = {864},
       number = {1},
          eid = {27},
        pages = {27},
          doi = {10.3847/1538-4357/aac726},
archivePrefix = {arXiv},
       eprint = {1805.06920},
 primaryClass = {astro-ph.GA},
       adsurl = {https://ui.adsabs.harvard.edu/abs/2018ApJ...864...27S},
      adsnote = {Provided by the SAO/NASA Astrophysics Data System}
}

@ARTICLE{2018MNRAS.478.4214E,
       author = {{Ehler}, H.~J.~S. and {Gonzalez}, A.~G. and {Gallo}, L.~C.},
        title = "{Exploring the spectral variability of the Seyfert 1.5 galaxy Markarian 530 with Suzaku}",
      journal = {\mnras},
     keywords = {galaxies: active, galaxies: individual: Mrk 530, galaxies: nuclei, X-rays: galaxies, Astrophysics - High Energy Astrophysical Phenomena},
         year = 2018,
        month = aug,
       volume = {478},
       number = {3},
        pages = {4214-4224},
          doi = {10.1093/mnras/sty1306},
archivePrefix = {arXiv},
       eprint = {1805.06742},
 primaryClass = {astro-ph.HE},
       adsurl = {https://ui.adsabs.harvard.edu/abs/2018MNRAS.478.4214E},
      adsnote = {Provided by the SAO/NASA Astrophysics Data System}
}

@ARTICLE{2018ApJ...862..109Y,
       author = {{Yang}, Qian and {Wu}, Xue-Bing and {Fan}, Xiaohui and {Jiang}, Linhua and {McGreer}, Ian and {Shangguan}, Jinyi and {Yao}, Su and {Wang}, Bingquan and {Joshi}, Ravi and {Green}, Richard and {Wang}, Feige and {Feng}, Xiaotong and {Fu}, Yuming and {Yang}, Jinyi and {Liu}, Yuanqi},
        title = "{Discovery of 21 New Changing-look AGNs in the Northern Sky}",
      journal = {\apj},
     keywords = {black hole physics, galaxies: active, galaxies: nuclei, Astrophysics - Astrophysics of Galaxies, Astrophysics - Cosmology and Nongalactic Astrophysics},
         year = 2018,
        month = aug,
       volume = {862},
       number = {2},
          eid = {109},
        pages = {109},
          doi = {10.3847/1538-4357/aaca3a},
archivePrefix = {arXiv},
       eprint = {1711.08122},
 primaryClass = {astro-ph.GA},
       adsurl = {https://ui.adsabs.harvard.edu/abs/2018ApJ...862..109Y},
      adsnote = {Provided by the SAO/NASA Astrophysics Data System}
}

@ARTICLE{2018ATel11915....1O,
       author = {{Oknyansky}, V.~L. and {Lipunov}, V.~M. and {Gorbovskoy}, E.~S. and {Winkler}, H. and {van Wyk}, F. and {Tsygankov}, S. and {Buckley}, D.~A.~H.},
        title = "{New changing look case in NGC 1566}",
      journal = {The Astronomer's Telegram},
     keywords = {AGN, Transient},
         year = 2018,
        month = aug,
       volume = {11915},
        pages = {1},
       adsurl = {https://ui.adsabs.harvard.edu/abs/2018ATel11915....1O},
      adsnote = {Provided by the SAO/NASA Astrophysics Data System}
}

@ARTICLE{2018Galax...6...52A,
       author = {{Ag{\'\i}s-Gonz{\'a}lez}, Beatriz and {Hutsem{\'e}kers}, Damien and {Miniutti}, Giovanni},
        title = "{A Changing-Look AGN to Be Probed by X-ray Polarimetry}",
      journal = {Galaxies},
     keywords = {Astrophysics - Astrophysics of Galaxies, Astrophysics - High Energy Astrophysical Phenomena},
         year = 2018,
        month = apr,
       volume = {6},
       number = {2},
        pages = {52},
          doi = {10.3390/galaxies6020052},
archivePrefix = {arXiv},
       eprint = {1805.01485},
 primaryClass = {astro-ph.GA},
       adsurl = {https://ui.adsabs.harvard.edu/abs/2018Galax...6...52A},
      adsnote = {Provided by the SAO/NASA Astrophysics Data System}
}

@ARTICLE{2018yCat..22340023A,
       author = {{Assef}, R.~J. and {Stern}, D. and {Noirot}, G. and {Jun}, H.~D. and {Cutri}, R.~M. and {Eisenhardt}, P.~R.~M.},
        title = "{VizieR Online Data Catalog: The WISE AGN candidates catalogs (Assef+, 2018)}",
      journal = {VizieR Online Data Catalog},
     keywords = {Photometry: infrared, Active gal. nuclei},
         year = 2018,
        month = mar,
          eid = {J/ApJS/234/23},
        pages = {J/ApJS/234/23},
       adsurl = {https://ui.adsabs.harvard.edu/abs/2018yCat..22340023A},
      adsnote = {Provided by the SAO/NASA Astrophysics Data System}
}

@ARTICLE{2018MNRAS.473.5334R,
       author = {{Ricci}, T.~V. and {Steiner}, J.~E. and {May}, D. and {Garcia-Rissmann}, A. and {Menezes}, R.~B.},
        title = "{Optical and near-infrared IFU spectroscopy of the nuclear region of the AGN-starburst galaxy NGC 7582}",
      journal = {\mnras},
     keywords = {techniques: imaging spectroscopy, galaxies: jets, galaxies: nuclei, galaxies: Seyfert, galaxies: starburst, Astrophysics - Astrophysics of Galaxies},
         year = 2018,
        month = feb,
       volume = {473},
       number = {4},
        pages = {5334-5351},
          doi = {10.1093/mnras/stx2746},
archivePrefix = {arXiv},
       eprint = {1711.04794},
 primaryClass = {astro-ph.GA},
       adsurl = {https://ui.adsabs.harvard.edu/abs/2018MNRAS.473.5334R},
      adsnote = {Provided by the SAO/NASA Astrophysics Data System}
}

@ARTICLE{2018ApJS..234...23A,
       author = {{Assef}, R.~J. and {Stern}, D. and {Noirot}, G. and {Jun}, H.~D. and {Cutri}, R.~M. and {Eisenhardt}, P.~R.~M.},
        title = "{The WISE AGN Catalog}",
      journal = {\apjs},
     keywords = {galaxies: active, infrared: general, quasars: general, Astrophysics - Astrophysics of Galaxies, Astrophysics - Cosmology and Nongalactic Astrophysics},
         year = 2018,
        month = feb,
       volume = {234},
       number = {2},
          eid = {23},
        pages = {23},
          doi = {10.3847/1538-4365/aaa00a},
archivePrefix = {arXiv},
       eprint = {1706.09901},
 primaryClass = {astro-ph.GA},
       adsurl = {https://ui.adsabs.harvard.edu/abs/2018ApJS..234...23A},
      adsnote = {Provided by the SAO/NASA Astrophysics Data System}
}

@ARTICLE{2017NatAs...1..727K,
       author = {{Kharb}, P. and {Lal}, D.~V. and {Merritt}, D.},
        title = "{A candidate sub-parsec binary black hole in the Seyfert galaxy NGC 7674}",
      journal = {Nature Astronomy},
     keywords = {Astrophysics - Astrophysics of Galaxies},
         year = 2017,
        month = sep,
       volume = {1},
        pages = {727-733},
          doi = {10.1038/s41550-017-0256-4},
archivePrefix = {arXiv},
       eprint = {1709.06258},
 primaryClass = {astro-ph.GA},
       adsurl = {https://ui.adsabs.harvard.edu/abs/2017NatAs...1..727K},
      adsnote = {Provided by the SAO/NASA Astrophysics Data System}
}

@ARTICLE{2017MNRAS.468.3042M,
       author = {{Mountrichas}, G. and {Georgantopoulos}, I. and {Secrest}, N.~J. and {Ordov{\'a}s-Pascual}, I. and {Corral}, A. and {Akylas}, A. and {Mateos}, S. and {Carrera}, F.~J. and {Batziou}, E.},
        title = "{Searching for luminous absorbed sources in the WISE AGN catalogue}",
      journal = {\mnras},
     keywords = {black hole physics, galaxies: active, galaxies: haloes, quasars: general, galaxies: Seyfert, Astrophysics - Astrophysics of Galaxies, Astrophysics - Cosmology and Nongalactic Astrophysics},
         year = 2017,
        month = jul,
       volume = {468},
       number = {3},
        pages = {3042-3050},
          doi = {10.1093/mnras/stx572},
archivePrefix = {arXiv},
       eprint = {1703.03051},
 primaryClass = {astro-ph.GA},
       adsurl = {https://ui.adsabs.harvard.edu/abs/2017MNRAS.468.3042M},
      adsnote = {Provided by the SAO/NASA Astrophysics Data System}
}

@ARTICLE{2017OAP....30..117O,
       author = {{Oknyansky}, V.~L. and {Gaskell}, C.~M. and {Huseynov}, N.~A. and {Mikailov}, Kh. M. and {Lipunov}, V.~M. and {Shatsky}, N.~I. and {Tsygankov}, S.~S. and {Gorbovskoy}, E.~S. and {Tatarnikov}, A.~M. and {Metlov}, V.~G. and {Malanchev}, K.~L. and {Brotherton}, M.~B. and {Kasper}, D. and {Du}, P. and {Chen}, X. and {Burlak}, M.~A. and {Buckley}, D.~A.~H. and {Rebolo}, R. and {Serra-Ricart}, M. and {Podesta}, R. and {Levato}, H.},
        title = "{Multi-Wavelength Monitoring of the Changing-Look AGN NGC 2617 during State Changes}",
      journal = {Odessa Astronomical Publications},
     keywords = {AGN, CL AGN, X-ray, UV, optical, photometry, spectroscopy, Astrophysics - Astrophysics of Galaxies},
         year = 2017,
        month = jan,
       volume = {30},
        pages = {117},
          doi = {10.18524/1810-4215.2017.30.114366},
archivePrefix = {arXiv},
       eprint = {1711.02631},
 primaryClass = {astro-ph.GA},
       adsurl = {https://ui.adsabs.harvard.edu/abs/2017OAP....30..117O},
      adsnote = {Provided by the SAO/NASA Astrophysics Data System}
}

@ARTICLE{2016ApJ...826..188R,
       author = {{Ruan}, John J. and {Anderson}, Scott F. and {Cales}, Sabrina L. and {Eracleous}, Michael and {Green}, Paul J. and {Morganson}, Eric and {Runnoe}, Jessie C. and {Shen}, Yue and {Wilkinson}, Tessa D. and {Blanton}, Michael R. and {Dwelly}, Tom and {Georgakakis}, Antonis and {Greene}, Jenny E. and {LaMassa}, Stephanie M. and {Merloni}, Andrea and {Schneider}, Donald P.},
        title = "{Toward an Understanding of Changing-look Quasars: An Archival Spectroscopic Search in SDSS}",
      journal = {\apj},
     keywords = {galaxies: active, quasars: emission lines, quasars: general, Astrophysics - High Energy Astrophysical Phenomena, Astrophysics - Cosmology and Nongalactic Astrophysics, Astrophysics - Astrophysics of Galaxies},
         year = 2016,
        month = aug,
       volume = {826},
       number = {2},
          eid = {188},
        pages = {188},
          doi = {10.3847/0004-637X/826/2/188},
archivePrefix = {arXiv},
       eprint = {1509.03634},
 primaryClass = {astro-ph.HE},
       adsurl = {https://ui.adsabs.harvard.edu/abs/2016ApJ...826..188R},
      adsnote = {Provided by the SAO/NASA Astrophysics Data System}
}

@ARTICLE{2016ApJ...821...33R,
       author = {{Runco}, Jordan N. and {Cosens}, Maren and {Bennert}, Vardha N. and {Scott}, Bryan and {Komossa}, S. and {Malkan}, Matthew A. and {Lazarova}, Mariana S. and {Auger}, Matthew W. and {Treu}, Tommaso and {Park}, Daeseong},
        title = "{Broad H{\ensuremath{\beta}} Emission-line Variability in a Sample of 102 Local Active Galaxies}",
      journal = {\apj},
     keywords = {accretion, accretion disks, galaxies: active, galaxies: evolution, galaxies: Seyfert, galaxies: statistics, Astrophysics - Astrophysics of Galaxies},
         year = 2016,
        month = apr,
       volume = {821},
       number = {1},
          eid = {33},
        pages = {33},
          doi = {10.3847/0004-637X/821/1/33},
archivePrefix = {arXiv},
       eprint = {1603.00035},
 primaryClass = {astro-ph.GA},
       adsurl = {https://ui.adsabs.harvard.edu/abs/2016ApJ...821...33R},
      adsnote = {Provided by the SAO/NASA Astrophysics Data System}
}

@ARTICLE{2016MNRAS.457..389M,
       author = {{MacLeod}, Chelsea L. and {Ross}, Nicholas P. and {Lawrence}, Andy and {Goad}, Mike and {Horne}, Keith and {Burgett}, William and {Chambers}, Ken C. and {Flewelling}, Heather and {Hodapp}, Klaus and {Kaiser}, Nick and {Magnier}, Eugene and {Wainscoat}, Richard and {Waters}, Christopher},
        title = "{A systematic search for changing-look quasars in SDSS}",
      journal = {\mnras},
     keywords = {accretion, accretion discs, galaxies: active, quasars: emission lines, quasars: general, Astrophysics - Astrophysics of Galaxies},
         year = 2016,
        month = mar,
       volume = {457},
       number = {1},
        pages = {389-404},
          doi = {10.1093/mnras/stv2997},
archivePrefix = {arXiv},
       eprint = {1509.08393},
 primaryClass = {astro-ph.GA},
       adsurl = {https://ui.adsabs.harvard.edu/abs/2016MNRAS.457..389M},
      adsnote = {Provided by the SAO/NASA Astrophysics Data System}
}

@ARTICLE{2016ApJ...820....5R,
       author = {{Ricci}, C. and {Bauer}, F.~E. and {Arevalo}, P. and {Boggs}, S. and {Brandt}, W.~N. and {Christensen}, F.~E. and {Craig}, W.~W. and {Gandhi}, P. and {Hailey}, C.~J. and {Harrison}, F.~A. and {Koss}, M. and {Markwardt}, C.~B. and {Stern}, D. and {Treister}, E. and {Zhang}, W.~W.},
        title = "{IC 751: A New Changing Look AGN Discovered by NuSTAR}",
      journal = {\apj},
     keywords = {galaxies: active, galaxies: individual:: IC 751, galaxies: Seyfert, X-rays: galaxies, Astrophysics - High Energy Astrophysical Phenomena, Astrophysics - Cosmology and Nongalactic Astrophysics, Astrophysics - Astrophysics of Galaxies},
         year = 2016,
        month = mar,
       volume = {820},
       number = {1},
          eid = {5},
        pages = {5},
          doi = {10.3847/0004-637X/820/1/5},
archivePrefix = {arXiv},
       eprint = {1602.00702},
 primaryClass = {astro-ph.HE},
       adsurl = {https://ui.adsabs.harvard.edu/abs/2016ApJ...820....5R},
      adsnote = {Provided by the SAO/NASA Astrophysics Data System}
}

@INPROCEEDINGS{2015toru.conf..E17M,
       author = {{Macleod}, C.},
        title = "{A Systematic Search for Changing-Look Quasars in SDSS}",
     keywords = {Active Galactic Nuclei},
    booktitle = {TORUS2015: The AGN Unification Scheme After 30 Years},
         year = 2015,
       editor = {{Gandhi}, P. and {Hoenig}, S.~F.},
        month = sep,
       adsurl = {https://ui.adsabs.harvard.edu/abs/2015toru.conf..E17M},
      adsnote = {Provided by the SAO/NASA Astrophysics Data System}
}

@ARTICLE{2015ApJS..217...26B,
       author = {{Barth}, Aaron J. and {Bennert}, Vardha N. and {Canalizo}, Gabriela and {Filippenko}, Alexei V. and {Gates}, Elinor L. and {Greene}, Jenny E. and {Li}, Weidong and {Malkan}, Matthew A. and {Pancoast}, Anna and {Sand}, David J. and {Stern}, Daniel and {Treu}, Tommaso and {Woo}, Jong-Hak and {Assef}, Roberto J. and {Bae}, Hyun-Jin and {Brewer}, Brendon J. and {Cenko}, S. Bradley and {Clubb}, Kelsey I. and {Cooper}, Michael C. and {Diamond-Stanic}, Aleksandar M. and {Hiner}, Kyle D. and {H{\"o}nig}, Sebastian F. and {Hsiao}, Eric and {Kandrashoff}, Michael T. and {Lazarova}, Mariana S. and {Nierenberg}, A.~M. and {Rex}, Jacob and {Silverman}, Jeffrey M. and {Tollerud}, Erik J. and {Walsh}, Jonelle L.},
        title = "{The Lick AGN Monitoring Project 2011: Spectroscopic Campaign and Emission-line Light Curves}",
      journal = {\apjs},
     keywords = {galaxies: active, galaxies: nuclei, galaxies: Seyfert, techniques: spectroscopic, Astrophysics - Astrophysics of Galaxies},
         year = 2015,
        month = apr,
       volume = {217},
       number = {2},
          eid = {26},
        pages = {26},
          doi = {10.1088/0067-0049/217/2/26},
archivePrefix = {arXiv},
       eprint = {1503.01146},
 primaryClass = {astro-ph.GA},
       adsurl = {https://ui.adsabs.harvard.edu/abs/2015ApJS..217...26B},
      adsnote = {Provided by the SAO/NASA Astrophysics Data System}
}

@ARTICLE{2015ApJ...800...63S,
       author = {{Schimoia}, Jaderson S. and {Storchi-Bergmann}, Thaisa and {Grupe}, Dirk and {Eracleous}, Michael and {Peterson}, Bradley M. and {Baldwin}, Jack A. and {Nemmen}, Rodrigo S. and {Winge}, Cl{\'a}udia},
        title = "{Short-timescale Monitoring of the X-Ray, UV, and Broad Double-peak Emission Line of the Nucleus of NGC 1097}",
      journal = {\apj},
     keywords = {accretion, accretion disks, galaxies: individual: NGC 1097, galaxies: nuclei, galaxies: Seyfert, line: profiles, Astrophysics - Astrophysics of Galaxies, Astrophysics - High Energy Astrophysical Phenomena},
         year = 2015,
        month = feb,
       volume = {800},
       number = {1},
          eid = {63},
        pages = {63},
          doi = {10.1088/0004-637X/800/1/63},
archivePrefix = {arXiv},
       eprint = {1411.4682},
 primaryClass = {astro-ph.GA},
       adsurl = {https://ui.adsabs.harvard.edu/abs/2015ApJ...800...63S},
      adsnote = {Provided by the SAO/NASA Astrophysics Data System}
}

@ARTICLE{2013MNRAS.429.2581M,
       author = {{Marinucci}, Andrea and {Risaliti}, Guido and {Wang}, Junfeng and {Bianchi}, Stefano and {Elvis}, Martin and {Matt}, Giorgio and {Nardini}, Emanuele and {Braito}, Valentina},
        title = "{X-ray absorption variability in NGC 4507}",
      journal = {\mnras},
     keywords = {Galaxies: active, Galaxies: Seyfert, Astrophysics - High Energy Astrophysical Phenomena, Astrophysics - Cosmology and Nongalactic Astrophysics},
         year = 2013,
        month = mar,
       volume = {429},
       number = {3},
        pages = {2581-2586},
          doi = {10.1093/mnras/sts534},
archivePrefix = {arXiv},
       eprint = {1212.4151},
 primaryClass = {astro-ph.HE},
       adsurl = {https://ui.adsabs.harvard.edu/abs/2013MNRAS.429.2581M},
      adsnote = {Provided by the SAO/NASA Astrophysics Data System}
}

@INPROCEEDINGS{2011xru..conf..100M,
       author = {{Marinucci}, Andrea and {Risaliti}, Guido and {Bianchi}, Stefano and {Elvis}, Martin and {Matt}, Giorgio},
        title = "{X-ray Absorption Variability In NGC 4507}",
    booktitle = {The X-ray Universe 2011},
         year = 2011,
       editor = {{Ness}, Jan-Uwe and {Ehle}, Matthias},
        month = aug,
          eid = {100},
        pages = {100},
       adsurl = {https://ui.adsabs.harvard.edu/abs/2011xru..conf..100M},
      adsnote = {Provided by the SAO/NASA Astrophysics Data System}
}

@INPROCEEDINGS{2011AAS...21822816M,
       author = {{Marinucci}, Andrea and {Risaliti}, G. and {Elvis}, M. and {Bianchi}, S. and {Matt}, G.},
        title = "{X-ray Absorption Variability In Ngc 4507}",
    booktitle = {American Astronomical Society Meeting Abstracts \#218},
         year = 2011,
       series = {American Astronomical Society Meeting Abstracts},
       volume = {218},
        month = may,
          eid = {228.16},
        pages = {228.16},
       adsurl = {https://ui.adsabs.harvard.edu/abs/2011AAS...21822816M},
      adsnote = {Provided by the SAO/NASA Astrophysics Data System}
}

@ARTICLE{2010A&A...522A..36K,
       author = {{Kollatschny}, W. and {Zetzl}, M.},
        title = "{Line profile and continuum variability in the very broad-line Seyfert galaxy Mrk 926}",
      journal = {\aap},
     keywords = {galaxies: active, galaxies: Seyfert, galaxies: nuclei, galaxies: individual: Mrk 926, quasars: emission lines, Astrophysics - Cosmology and Nongalactic Astrophysics},
         year = 2010,
        month = nov,
       volume = {522},
          eid = {A36},
        pages = {A36},
          doi = {10.1051/0004-6361/200913463},
archivePrefix = {arXiv},
       eprint = {1007.3595},
 primaryClass = {astro-ph.CO},
       adsurl = {https://ui.adsabs.harvard.edu/abs/2010A&A...522A..36K},
      adsnote = {Provided by the SAO/NASA Astrophysics Data System}
}

@ARTICLE{2013A&A...558A..33A,
       author = {{Astropy Collaboration} and {Robitaille}, Thomas P. and
         {Tollerud}, Erik J. and {Greenfield}, Perry and {Droettboom}, Michael and
         {Bray}, Erik and {Aldcroft}, Tom and {Davis}, Matt and
         {Ginsburg}, Adam and {Price-Whelan}, Adrian M. and
         {Kerzendorf}, Wolfgang E. and {Conley}, Alexander and {Crighton}, Neil and
         {Barbary}, Kyle and {Muna}, Demitri and {Ferguson}, Henry and
         {Grollier}, Fr{\'e}d{\'e}ric and {Parikh}, Madhura M. and
         {Nair}, Prasanth H. and {Unther}, Hans M. and {Deil}, Christoph and
         {Woillez}, Julien and {Conseil}, Simon and {Kramer}, Roban and
         {Turner}, James E.~H. and {Singer}, Leo and {Fox}, Ryan and
         {Weaver}, Benjamin A. and {Zabalza}, Victor and {Edwards}, Zachary I. and
         {Azalee Bostroem}, K. and {Burke}, D.~J. and {Casey}, Andrew R. and
         {Crawford}, Steven M. and {Dencheva}, Nadia and {Ely}, Justin and
         {Jenness}, Tim and {Labrie}, Kathleen and {Lim}, Pey Lian and
         {Pierfederici}, Francesco and {Pontzen}, Andrew and {Ptak}, Andy and
         {Refsdal}, Brian and {Servillat}, Mathieu and {Streicher}, Ole},
        title = "{Astropy: A community Python package for astronomy}",
      journal = {\aap},
     keywords = {methods: data analysis, methods: miscellaneous, virtual observatory tools, Astrophysics - Instrumentation and Methods for Astrophysics},
         year = "2013",
        month = "Oct",
       volume = {558},
          eid = {A33},
        pages = {A33},
          doi = {10.1051/0004-6361/201322068},
archivePrefix = {arXiv},
       eprint = {1307.6212},
 primaryClass = {astro-ph.IM},
       adsurl = {https://ui.adsabs.harvard.edu/abs/2013A&A...558A..33A},
      adsnote = {Provided by the SAO/NASA Astrophysics Data System}
}


@ARTICLE{2018AJ....156..123A,
       author = {{Astropy Collaboration} and {Price-Whelan}, A.~M. and {Sip{\H{o}}cz}, B.~M. and {G{\"u}nther}, H.~M. and {Lim}, P.~L. and {Crawford}, S.~M. and {Conseil}, S. and {Shupe}, D.~L. and {Craig}, M.~W. and {Dencheva}, N. and {Ginsburg}, A. and {VanderPlas}, J.~T. and {Bradley}, L.~D. and {P{\'e}rez-Su{\'a}rez}, D. and {de Val-Borro}, M. and {Aldcroft}, T.~L. and {Cruz}, K.~L. and {Robitaille}, T.~P. and {Tollerud}, E.~J. and {Ardelean}, C. and {Babej}, T. and {Bach}, Y.~P. and {Bachetti}, M. and {Bakanov}, A.~V. and {Bamford}, S.~P. and {Barentsen}, G. and {Barmby}, P. and {Baumbach}, A. and {Berry}, K.~L. and {Biscani}, F. and {Boquien}, M. and {Bostroem}, K.~A. and {Bouma}, L.~G. and {Brammer}, G.~B. and {Bray}, E.~M. and {Breytenbach}, H. and {Buddelmeijer}, H. and {Burke}, D.~J. and {Calderone}, G. and {Cano Rodr{\'\i}guez}, J.~L. and {Cara}, M. and {Cardoso}, J.~V.~M. and {Cheedella}, S. and {Copin}, Y. and {Corrales}, L. and {Crichton}, D. and {D'Avella}, D. and {Deil}, C. and {Depagne}, {\'E}. and {Dietrich}, J.~P. and {Donath}, A. and {Droettboom}, M. and {Earl}, N. and {Erben}, T. and {Fabbro}, S. and {Ferreira}, L.~A. and {Finethy}, T. and {Fox}, R.~T. and {Garrison}, L.~H. and {Gibbons}, S.~L.~J. and {Goldstein}, D.~A. and {Gommers}, R. and {Greco}, J.~P. and {Greenfield}, P. and {Groener}, A.~M. and {Grollier}, F. and {Hagen}, A. and {Hirst}, P. and {Homeier}, D. and {Horton}, A.~J. and {Hosseinzadeh}, G. and {Hu}, L. and {Hunkeler}, J.~S. and {Ivezi{\'c}}, {\v{Z}}. and {Jain}, A. and {Jenness}, T. and {Kanarek}, G. and {Kendrew}, S. and {Kern}, N.~S. and {Kerzendorf}, W.~E. and {Khvalko}, A. and {King}, J. and {Kirkby}, D. and {Kulkarni}, A.~M. and {Kumar}, A. and {Lee}, A. and {Lenz}, D. and {Littlefair}, S.~P. and {Ma}, Z. and {Macleod}, D.~M. and {Mastropietro}, M. and {McCully}, C. and {Montagnac}, S. and {Morris}, B.~M. and {Mueller}, M. and {Mumford}, S.~J. and {Muna}, D. and {Murphy}, N.~A. and {Nelson}, S. and {Nguyen}, G.~H. and {Ninan}, J.~P. and {N{\"o}the}, M. and {Ogaz}, S. and {Oh}, S. and {Parejko}, J.~K. and {Parley}, N. and {Pascual}, S. and {Patil}, R. and {Patil}, A.~A. and {Plunkett}, A.~L. and {Prochaska}, J.~X. and {Rastogi}, T. and {Reddy Janga}, V. and {Sabater}, J. and {Sakurikar}, P. and {Seifert}, M. and {Sherbert}, L.~E. and {Sherwood-Taylor}, H. and {Shih}, A.~Y. and {Sick}, J. and {Silbiger}, M.~T. and {Singanamalla}, S. and {Singer}, L.~P. and {Sladen}, P.~H. and {Sooley}, K.~A. and {Sornarajah}, S. and {Streicher}, O. and {Teuben}, P. and {Thomas}, S.~W. and {Tremblay}, G.~R. and {Turner}, J.~E.~H. and {Terr{\'o}n}, V. and {van Kerkwijk}, M.~H. and {de la Vega}, A. and {Watkins}, L.~L. and {Weaver}, B.~A. and {Whitmore}, J.~B. and {Woillez}, J. and {Zabalza}, V. and {Astropy Contributors}},
        title = "{The Astropy Project: Building an Open-science Project and Status of the v2.0 Core Package}",
      journal = {\aj},
     keywords = {methods: data analysis, methods: miscellaneous, methods: statistical, reference systems, Astrophysics - Instrumentation and Methods for Astrophysics},
         year = 2018,
        month = sep,
       volume = {156},
       number = {3},
          eid = {123},
        pages = {123},
          doi = {10.3847/1538-3881/aabc4f},
archivePrefix = {arXiv},
       eprint = {1801.02634},
 primaryClass = {astro-ph.IM},
       adsurl = {https://ui.adsabs.harvard.edu/abs/2018AJ....156..123A},
      adsnote = {Provided by the SAO/NASA Astrophysics Data System}
}


@ARTICLE{2011ApJ...735...80Z,
       author = {{Zu}, Ying and {Kochanek}, C.~S. and {Peterson}, Bradley M.},
        title = "{An Alternative Approach to Measuring Reverberation Lags in Active Galactic Nuclei}",
      journal = {\apj},
     keywords = {galaxies: active, galaxies: nuclei, galaxies: Seyfert, quasars: general, Astrophysics - Cosmology and Nongalactic Astrophysics, Astrophysics - Instrumentation and Methods for Astrophysics},
         year = 2011,
        month = jul,
       volume = {735},
       number = {2},
          eid = {80},
        pages = {80},
          doi = {10.1088/0004-637X/735/2/80},
archivePrefix = {arXiv},
       eprint = {1008.0641},
 primaryClass = {astro-ph.CO},
       adsurl = {https://ui.adsabs.harvard.edu/abs/2011ApJ...735...80Z},
      adsnote = {Provided by the SAO/NASA Astrophysics Data System}
}

@ARTICLE{2013ApJ...765..106Z,
       author = {{Zu}, Ying and {Kochanek}, C.~S. and {Koz{\l}owski}, Szymon and {Udalski}, Andrzej},
        title = "{Is Quasar Optical Variability a Damped Random Walk?}",
      journal = {\apj},
     keywords = {galaxies: active, galaxies: statistics, methods: data analysis, methods: numerical, methods: statistical, Astrophysics - Cosmology and Extragalactic Astrophysics},
         year = 2013,
        month = mar,
       volume = {765},
       number = {2},
          eid = {106},
        pages = {106},
          doi = {10.1088/0004-637X/765/2/106},
archivePrefix = {arXiv},
       eprint = {1202.3783},
 primaryClass = {astro-ph.CO},
       adsurl = {https://ui.adsabs.harvard.edu/abs/2013ApJ...765..106Z},
      adsnote = {Provided by the SAO/NASA Astrophysics Data System}
}


@ARTICLE{1998PASP..110..660P,
       author = {{Peterson}, Bradley M. and {Wanders}, Ignaz and {Horne}, Keith and {Collier}, Stefan and {Alexander}, Tal and {Kaspi}, Shai and {Maoz}, Dan},
        title = "{On Uncertainties in Cross-Correlation Lags and the Reality of Wavelength-dependent Continuum Lags in Active Galactic Nuclei}",
      journal = {\pasp},
     keywords = {GALAXIES: ACTIVE, GALAXIES: SEYFERT, METHODS: DATA ANALYSIS, Astrophysics},
         year = 1998,
        month = jun,
       volume = {110},
       number = {748},
        pages = {660-670},
          doi = {10.1086/316177},
archivePrefix = {arXiv},
       eprint = {astro-ph/9802103},
 primaryClass = {astro-ph},
       adsurl = {https://ui.adsabs.harvard.edu/abs/1998PASP..110..660P},
      adsnote = {Provided by the SAO/NASA Astrophysics Data System}
}

@MISC{2018ascl.soft05032S,
       author = {{Sun}, Mouyuan and {Grier}, C.~J. and {Peterson}, B.~M.},
        title = "{PyCCF: Python Cross Correlation Function for reverberation mapping studies}",
     keywords = {Software},
         year = 2018,
        month = may,
          eid = {ascl:1805.032},
        pages = {ascl:1805.032},
archivePrefix = {ascl},
       eprint = {1805.032},
       adsurl = {https://ui.adsabs.harvard.edu/abs/2018ascl.soft05032S},
      adsnote = {Provided by the SAO/NASA Astrophysics Data System}
}



@ARTICLE{2021MNRAS.503.2583S,
       author = {{Senarath}, Madhooshi R. and {Brown}, Michael J.~I. and {Cluver}, Michelle E. and {Jarrett}, Thomas H. and {Wolf}, Christian and {Ross}, Nicholas P. and {Lucey}, John R. and {Parkash}, Vaishali and {Hon}, Wei J.},
        title = "{A systematic survey for z< 0.04 CLAGNs}",
      journal = {\mnras},
     keywords = {methods: Observational, galaxies: active, galaxies: Seyfert, Astrophysics - Astrophysics of Galaxies},
         year = 2021,
        month = may,
       volume = {503},
       number = {2},
        pages = {2583-2597},
          doi = {10.1093/mnras/stab393},
archivePrefix = {arXiv},
       eprint = {2102.07351},
 primaryClass = {astro-ph.GA},
       adsurl = {https://ui.adsabs.harvard.edu/abs/2021MNRAS.503.2583S},
      adsnote = {Provided by the SAO/NASA Astrophysics Data System}
}

@ARTICLE{2020MNRAS.498.3985Y,
       author = {{Yu}, Xiaoling and {Shi}, Yong and {Chen}, Yanmei and {Chen}, Jianhang and {Li}, Songlin and {Bing}, Longji and {Ge}, Junqiang and {Riffel}, Rogemar A. and {Riffel}, Rog{\'e}rio},
        title = "{Host galaxy properties of changing-look AGNs revealed in the MaNGA survey}",
      journal = {\mnras},
     keywords = {galaxies: active, galaxies: evolution, galaxies: kinematics and dynamics, galaxies: nuclei, galaxies: Seyfert, Astrophysics - Astrophysics of Galaxies},
         year = 2020,
        month = nov,
       volume = {498},
       number = {3},
        pages = {3985-3994},
          doi = {10.1093/mnras/staa2627},
archivePrefix = {arXiv},
       eprint = {2008.11336},
 primaryClass = {astro-ph.GA},
       adsurl = {https://ui.adsabs.harvard.edu/abs/2020MNRAS.498.3985Y},
      adsnote = {Provided by the SAO/NASA Astrophysics Data System}
}

@ARTICLE{2020MNRAS.496.3412M,
       author = {{Marinucci}, A. and {Bianchi}, S. and {Braito}, V. and {De Marco}, B. and {Matt}, G. and {Middei}, R. and {Nardini}, E. and {Reeves}, J.~N.},
        title = "{The lively accretion disc in NGC 2992 - I. Transient iron K emission lines in the high-flux state}",
      journal = {\mnras},
     keywords = {galaxies: active, galaxies: individual: NGC 2992, accretion discs, Accretion, galaxies: Seyfert, Astrophysics - High Energy Astrophysical Phenomena},
         year = 2020,
        month = aug,
       volume = {496},
       number = {3},
        pages = {3412-3423},
          doi = {10.1093/mnras/staa1683},
archivePrefix = {arXiv},
       eprint = {2006.05280},
 primaryClass = {astro-ph.HE},
       adsurl = {https://ui.adsabs.harvard.edu/abs/2020MNRAS.496.3412M},
      adsnote = {Provided by the SAO/NASA Astrophysics Data System}
}

@ARTICLE{2020A&A...638A..91K,
       author = {{Kollatschny}, W. and {Grupe}, D. and {Parker}, M.~L. and {Ochmann}, M.~W. and {Schartel}, N. and {Herwig}, E. and {Komossa}, S. and {Romero-Colmenero}, E. and {Santos-Lleo}, M.},
        title = "{Optical and X-ray discovery of the changing-look AGN IRAS 23226-3843 showing extremely broad and double-peaked Balmer profiles}",
      journal = {\aap},
     keywords = {galaxies: active, galaxies: Seyfert, galaxies: nuclei, galaxies: individual: IRAS 23226-3843, quasars: emission lines, Astrophysics - Astrophysics of Galaxies, Astrophysics - High Energy Astrophysical Phenomena},
         year = 2020,
        month = jun,
       volume = {638},
          eid = {A91},
        pages = {A91},
          doi = {10.1051/0004-6361/202037897},
archivePrefix = {arXiv},
       eprint = {2004.01711},
 primaryClass = {astro-ph.GA},
       adsurl = {https://ui.adsabs.harvard.edu/abs/2020A&A...638A..91K},
      adsnote = {Provided by the SAO/NASA Astrophysics Data System}
}

@ARTICLE{2019ApJ...883L..44G,
       author = {{Guo}, Hengxiao and {Sun}, Mouyuan and {Liu}, Xin and {Wang}, Tinggui and {Kong}, Minzhi and {Wang}, Shu and {Sheng}, Zhenfeng and {He}, Zhicheng},
        title = "{Discovery of an Mg II Changing-look Active Galactic Nucleus and Its Implications for a Unification Sequence of Changing-look Active Galactic Nuclei}",
      journal = {\apjl},
     keywords = {Active galaxies, Active galactic nuclei, Black hole physics, 17, 16, 159, Astrophysics - Astrophysics of Galaxies},
         year = 2019,
        month = oct,
       volume = {883},
       number = {2},
          eid = {L44},
        pages = {L44},
          doi = {10.3847/2041-8213/ab4138},
archivePrefix = {arXiv},
       eprint = {1908.00072},
 primaryClass = {astro-ph.GA},
       adsurl = {https://ui.adsabs.harvard.edu/abs/2019ApJ...883L..44G},
      adsnote = {Provided by the SAO/NASA Astrophysics Data System}
}

@ARTICLE{2018MNRAS.481.4542S,
       author = {{Smirnova}, Aleksandrina A. and {Moiseev}, Alexei V. and {Dodonov}, Sergei N.},
        title = "{A close look at the well-known Seyfert galaxy: extended emission filaments in Mrk 6}",
      journal = {\mnras},
     keywords = {ISM: kinematics and dynamics, galaxies: individual: Mrk 6, galaxies: interactions, galaxies: ISM, galaxies: Seyfert, Astrophysics - Astrophysics of Galaxies},
         year = 2018,
        month = dec,
       volume = {481},
       number = {4},
        pages = {4542-4547},
          doi = {10.1093/mnras/sty2569},
archivePrefix = {arXiv},
       eprint = {1809.05950},
 primaryClass = {astro-ph.GA},
       adsurl = {https://ui.adsabs.harvard.edu/abs/2018MNRAS.481.4542S},
      adsnote = {Provided by the SAO/NASA Astrophysics Data System}
}

@ARTICLE{2018A&A...619A.168K,
       author = {{Kollatschny}, W. and {Ochmann}, M.~W. and {Zetzl}, M. and {Haas}, M. and {Chelouche}, D. and {Kaspi}, S. and {Pozo Nu{\~n}ez}, F. and {Grupe}, D.},
        title = "{Broad-line region structure and line profile variations in the changing look AGN HE 1136-2304}",
      journal = {\aap},
     keywords = {galaxies: active, galaxies: Seyfert, galaxies: nuclei, galaxies: individual: HE 1136-2304, quasars: emission lines, Astrophysics - Astrophysics of Galaxies},
         year = 2018,
        month = nov,
       volume = {619},
          eid = {A168},
        pages = {A168},
          doi = {10.1051/0004-6361/201833727},
archivePrefix = {arXiv},
       eprint = {1808.07331},
 primaryClass = {astro-ph.GA},
       adsurl = {https://ui.adsabs.harvard.edu/abs/2018A&A...619A.168K},
      adsnote = {Provided by the SAO/NASA Astrophysics Data System}
}

@ARTICLE{2017ApJ...846L...7S,
       author = {{Sheng}, Zhenfeng and {Wang}, Tinggui and {Jiang}, Ning and {Yang}, Chenwei and {Yan}, Lin and {Dou}, Liming and {Peng}, Bo},
        title = "{Mid-infrared Variability of Changing-look AGNs}",
      journal = {\apjl},
     keywords = {accretion, accretion disks, galaxies: active, galaxies: Seyfert, infrared: galaxies, Astrophysics - Astrophysics of Galaxies},
         year = 2017,
        month = sep,
       volume = {846},
       number = {1},
          eid = {L7},
        pages = {L7},
          doi = {10.3847/2041-8213/aa85de},
archivePrefix = {arXiv},
       eprint = {1707.02686},
 primaryClass = {astro-ph.GA},
       adsurl = {https://ui.adsabs.harvard.edu/abs/2017ApJ...846L...7S},
      adsnote = {Provided by the SAO/NASA Astrophysics Data System}
}

@ARTICLE{2017MNRAS.466.1777P,
       author = {{Pal}, Main and {Dewangan}, Gulab C. and {Connolly}, S.~D. and {Misra}, Ranjeev},
        title = "{Correlated X-ray/ultraviolet/optical variability and the nature of accretion disc in the bare Seyfert 1 galaxy Fairall 9}",
      journal = {\mnras},
     keywords = {accretion, accretion discs, radiation mechanisms: general, galaxies: active, galaxies: Seyfert, ultraviolet: galaxies, X-rays: galaxies, Astrophysics - High Energy Astrophysical Phenomena},
         year = 2017,
        month = apr,
       volume = {466},
       number = {2},
        pages = {1777-1787},
          doi = {10.1093/mnras/stw3173},
archivePrefix = {arXiv},
       eprint = {1612.01369},
 primaryClass = {astro-ph.HE},
       adsurl = {https://ui.adsabs.harvard.edu/abs/2017MNRAS.466.1777P},
      adsnote = {Provided by the SAO/NASA Astrophysics Data System}
}

@ARTICLE{2014MNRAS.443.2862A,
       author = {{Ag{\'\i}s-Gonz{\'a}lez}, B. and {Miniutti}, G. and {Kara}, E. and {Fabian}, A.~C. and {Sanfrutos}, M. and {Risaliti}, G. and {Bianchi}, S. and {Strotjohann}, N.~L. and {Saxton}, R.~D. and {Parker}, M.~L.},
        title = "{Black hole spin and size of the X-ray-emitting region(s) in the Seyfert 1.5 galaxy ESO 362-G18}",
      journal = {\mnras},
     keywords = {galaxies: active, galaxies: Seyfert, X-rays: galaxies, Astrophysics - High Energy Astrophysical Phenomena, Astrophysics - Astrophysics of Galaxies},
         year = 2014,
        month = oct,
       volume = {443},
       number = {4},
        pages = {2862-2873},
          doi = {10.1093/mnras/stu1358},
archivePrefix = {arXiv},
       eprint = {1407.1238},
 primaryClass = {astro-ph.HE},
       adsurl = {https://ui.adsabs.harvard.edu/abs/2014MNRAS.443.2862A},
      adsnote = {Provided by the SAO/NASA Astrophysics Data System}
}

@ARTICLE{2014A&A...563A..95D,
       author = {{Di Gesu}, L. and {Costantini}, E. and {Piconcelli}, E. and {Ebrero}, J. and {Mehdipour}, M. and {Kaastra}, J.~S.},
        title = "{Simultaneous XMM-Newton and HST-COS observation of 1H 0419-577. II. Broadband spectral modeling of a variable Seyfert galaxy}",
      journal = {\aap},
     keywords = {galaxies: clusters: individual: 1H 0419, 577, X-rays: galaxies, Astrophysics - High Energy Astrophysical Phenomena},
         year = 2014,
        month = mar,
       volume = {563},
          eid = {A95},
        pages = {A95},
          doi = {10.1051/0004-6361/201322916},
archivePrefix = {arXiv},
       eprint = {1401.5614},
 primaryClass = {astro-ph.HE},
       adsurl = {https://ui.adsabs.harvard.edu/abs/2014A&A...563A..95D},
      adsnote = {Provided by the SAO/NASA Astrophysics Data System}
}

@ARTICLE{2012MNRAS.421.1803M,
       author = {{Marchese}, E. and {Braito}, V. and {Della Ceca}, R. and {Caccianiga}, A. and {Severgnini}, P.},
        title = "{NGC 454: unveiling a new 'changing look' active galactic nucleus}",
      journal = {\mnras},
     keywords = {galaxies: active, galaxies: individual: NGC 454, galaxies: interactions, X-rays: galaxies, X-rays: individual: NGC454, Astrophysics - Cosmology and Nongalactic Astrophysics},
         year = 2012,
        month = apr,
       volume = {421},
       number = {2},
        pages = {1803-1812},
          doi = {10.1111/j.1365-2966.2012.20445.x},
archivePrefix = {arXiv},
       eprint = {1201.2169},
 primaryClass = {astro-ph.CO},
       adsurl = {https://ui.adsabs.harvard.edu/abs/2012MNRAS.421.1803M},
      adsnote = {Provided by the SAO/NASA Astrophysics Data System}
}

@ARTICLE{2008A&A...483..137B,
       author = {{Ballo}, L. and {Giustini}, M. and {Schartel}, N. and {Cappi}, M. and {Jim{\'e}nez-Bail{\'o}n}, E. and {Piconcelli}, E. and {Santos-Lle{\'o}}, M. and {Vignali}, C.},
        title = "{X-ray spectral variability in PG 1535+547: the changing look of a ``soft X-ray weak'' AGN}",
      journal = {\aap},
     keywords = {galaxies: active, galaxies: quasars: individual: <ASTROBJ>PG 1535+547</ASTROBJ>, X-rays: galaxies, Astrophysics},
         year = 2008,
        month = may,
       volume = {483},
       number = {1},
        pages = {137-149},
          doi = {10.1051/0004-6361:20079075},
archivePrefix = {arXiv},
       eprint = {0802.2936},
 primaryClass = {astro-ph},
       adsurl = {https://ui.adsabs.harvard.edu/abs/2008A&A...483..137B},
      adsnote = {Provided by the SAO/NASA Astrophysics Data System}
}

@ARTICLE{2005A&A...442..185B,
       author = {{Bianchi}, S. and {Guainazzi}, M. and {Matt}, G. and {Chiaberge}, M. and {Iwasawa}, K. and {Fiore}, F. and {Maiolino}, R.},
        title = "{A search for changing-look AGN in the Grossan catalog}",
      journal = {\aap},
     keywords = {galaxies: Seyfert, X-rays: galaxies, X-rays: individual: NGC 7674, X-rays: individual: IRAS 13218+0552, Astrophysics},
         year = 2005,
        month = oct,
       volume = {442},
       number = {1},
        pages = {185-194},
          doi = {10.1051/0004-6361:20053389},
archivePrefix = {arXiv},
       eprint = {astro-ph/0507323},
 primaryClass = {astro-ph},
       adsurl = {https://ui.adsabs.harvard.edu/abs/2005A&A...442..185B},
      adsnote = {Provided by the SAO/NASA Astrophysics Data System}
}

@ARTICLE{2005MNRAS.356..295G,
       author = {{Guainazzi}, M. and {Fabian}, A.~C. and {Iwasawa}, K. and {Matt}, G. and {Fiore}, F.},
        title = "{On the transmission-dominated to reprocessing-dominated spectral state transitions in Seyfert 2 galaxies}",
      journal = {\mnras},
     keywords = {galaxies: active, galaxies: nuclei, galaxies: Seyfert, X-rays: galaxies, Astrophysics},
         year = 2005,
        month = jan,
       volume = {356},
       number = {1},
        pages = {295-308},
          doi = {10.1111/j.1365-2966.2004.08448.x},
archivePrefix = {arXiv},
       eprint = {astro-ph/0409689},
 primaryClass = {astro-ph},
       adsurl = {https://ui.adsabs.harvard.edu/abs/2005MNRAS.356..295G},
      adsnote = {Provided by the SAO/NASA Astrophysics Data System}
}

@ARTICLE{2003MNRAS.342..422M,
       author = {{Matt}, Giorgio and {Guainazzi}, Matteo and {Maiolino}, Roberto},
        title = "{Changing look: from Compton-thick to Compton-thin, or the rebirth of fossil active galactic nuclei}",
      journal = {\mnras},
     keywords = {galaxies: active, galaxies: Seyfert, X-rays: galaxies, Astrophysics},
         year = 2003,
        month = jun,
       volume = {342},
       number = {2},
        pages = {422-426},
          doi = {10.1046/j.1365-8711.2003.06539.x},
archivePrefix = {arXiv},
       eprint = {astro-ph/0302328},
 primaryClass = {astro-ph},
       adsurl = {https://ui.adsabs.harvard.edu/abs/2003MNRAS.342..422M},
      adsnote = {Provided by the SAO/NASA Astrophysics Data System}
}

@ARTICLE{2001ApJ...554..240E,
       author = {{Eracleous}, Michael and {Halpern}, Jules P.},
        title = "{NGC 3065: A Certified LINER with Broad, Variable Balmer Lines}",
      journal = {\apj},
     keywords = {Galaxies: Active, galaxies: individual (NGC 3065), Line: Profiles, Astrophysics},
         year = 2001,
        month = jun,
       volume = {554},
       number = {1},
        pages = {240-244},
          doi = {10.1086/321331},
archivePrefix = {arXiv},
       eprint = {astro-ph/0101050},
 primaryClass = {astro-ph},
       adsurl = {https://ui.adsabs.harvard.edu/abs/2001ApJ...554..240E},
      adsnote = {Provided by the SAO/NASA Astrophysics Data System}
}

@ARTICLE{2009MNRAS.399..349G,
       author = {{Gu}, Minfeng and {Cao}, Xinwu},
        title = "{The anticorrelation between the hard X-ray photon index and the Eddington ratio in low-luminosity active galactic nuclei}",
      journal = {\mnras},
     keywords = {accretion, accretion discs, galaxies: active, galaxies: nuclei, X-rays: galaxies, Astrophysics - Astrophysics of Galaxies},
         year = "2009",
        month = "Oct",
       volume = {399},
       number = {1},
        pages = {349-356},
          doi = {10.1111/j.1365-2966.2009.15277.x},
archivePrefix = {arXiv},
       eprint = {0906.3560},
 primaryClass = {astro-ph.GA},
       adsurl = {https://ui.adsabs.harvard.edu/abs/2009MNRAS.399..349G},
      adsnote = {Provided by the SAO/NASA Astrophysics Data System}
}

@ARTICLE{2007ApJ...667..131G,
       author = {{Greene}, Jenny E. and {Ho}, Luis C.},
        title = "{The Mass Function of Active Black Holes in the Local Universe}",
      journal = {\apj},
     keywords = {Galaxies: Active, Galaxies: Nuclei, Galaxies: Seyfert, Astrophysics},
         year = 2007,
        month = sep,
       volume = {667},
       number = {1},
        pages = {131-148},
          doi = {10.1086/520497},
archivePrefix = {arXiv},
       eprint = {0705.0020},
 primaryClass = {astro-ph},
       adsurl = {https://ui.adsabs.harvard.edu/abs/2007ApJ...667..131G},
      adsnote = {Provided by the SAO/NASA Astrophysics Data System}
}

@ARTICLE{2019MNRAS.483.2362R,
       author = {{Rakshit}, Suvendu and {Johnson}, Ansu and {Stalin}, C.~S. and {Gandhi}, Poshak and {Hoenig}, Sebastian},
        title = "{WISE view of narrow-line Seyfert 1 galaxies: mid-infrared colour and variability}",
      journal = {\mnras},
     keywords = {techniques: photometric, galaxies: active, galaxies: Seyfert, Astrophysics - Astrophysics of Galaxies, Astrophysics - High Energy Astrophysical Phenomena},
         year = 2019,
        month = feb,
       volume = {483},
       number = {2},
        pages = {2362-2370},
          doi = {10.1093/mnras/sty3261},
archivePrefix = {arXiv},
       eprint = {1811.11372},
 primaryClass = {astro-ph.GA},
       adsurl = {https://ui.adsabs.harvard.edu/abs/2019MNRAS.483.2362R},
      adsnote = {Provided by the SAO/NASA Astrophysics Data System}
}

@ARTICLE{2007AJ....134.2236S,
       author = {{Sesar}, Branimir and {Ivezi{\'c}}, {\v{Z}}eljko and {Lupton}, Robert H. and {Juri{\'c}}, Mario and {Gunn}, James E. and {Knapp}, Gillian R. and {DeLee}, Nathan and {Smith}, J. Allyn and {Miknaitis}, Gajus and {Lin}, Huan and {Tucker}, Douglas and {Doi}, Mamoru and {Tanaka}, Masayuki and {Fukugita}, Masataka and {Holtzman}, Jon and {Kent}, Steve and {Yanny}, Brian and {Schlegel}, David and {Finkbeiner}, Douglas and {Padmanabhan}, Nikhil and {Rockosi}, Constance M. and {Bond}, Nicholas and {Lee}, Brian and {Stoughton}, Chris and {Jester}, Sebastian and {Harris}, Hugh and {Harding}, Paul and {Brinkmann}, Jon and {Schneider}, Donald P. and {York}, Donald and {Richmond}, Michael W. and {Vanden Berk}, Daniel},
        title = "{Exploring the Variable Sky with the Sloan Digital Sky Survey}",
      journal = {\aj},
     keywords = {Galaxy: halo, Galaxy: stellar content, quasars: general, stars: Population II, stars: variables: other, Astrophysics},
         year = 2007,
        month = dec,
       volume = {134},
       number = {6},
        pages = {2236-2251},
          doi = {10.1086/521819},
archivePrefix = {arXiv},
       eprint = {0704.0655},
 primaryClass = {astro-ph},
       adsurl = {https://ui.adsabs.harvard.edu/abs/2007AJ....134.2236S},
      adsnote = {Provided by the SAO/NASA Astrophysics Data System}
}

@ARTICLE{2012ApJ...759L..31J,
       author = {{Jiang}, Ning and {Zhou}, Hong-Yan and {Ho}, Luis C. and {Yuan}, Weimin and {Wang}, Ting-Gui and {Dong}, Xiao-Bo and {Jiang}, Peng and {Ji}, Tuo and {Tian}, Qiguo},
        title = "{Rapid Infrared Variability of Three Radio-loud Narrow-line Seyfert 1 Galaxies: A View from the Wide-field Infrared Survey Explorer}",
      journal = {\apjl},
     keywords = {galaxies: active, galaxies: individual: SDSS J084957.98+510829.0 SDSS J094857.32+002225.5 SDSS J150506.48+032630.8, galaxies: jets, infrared: galaxies, Astrophysics - High Energy Astrophysical Phenomena, Astrophysics - Cosmology and Nongalactic Astrophysics},
         year = 2012,
        month = nov,
       volume = {759},
       number = {2},
          eid = {L31},
        pages = {L31},
          doi = {10.1088/2041-8205/759/2/L31},
archivePrefix = {arXiv},
       eprint = {1210.2800},
 primaryClass = {astro-ph.HE},
       adsurl = {https://ui.adsabs.harvard.edu/abs/2012ApJ...759L..31J},
      adsnote = {Provided by the SAO/NASA Astrophysics Data System}
}

@ARTICLE{2011ApJ...735..112J,
       author = {{Jarrett}, T.~H. and {Cohen}, M. and {Masci}, F. and {Wright}, E. and {Stern}, D. and {Benford}, D. and {Blain}, A. and {Carey}, S. and {Cutri}, R.~M. and {Eisenhardt}, P. and {Lonsdale}, C. and {Mainzer}, A. and {Marsh}, K. and {Padgett}, D. and {Petty}, S. and {Ressler}, M. and {Skrutskie}, M. and {Stanford}, S. and {Surace}, J. and {Tsai}, C.~W. and {Wheelock}, S. and {Yan}, D.~L.},
        title = "{The Spitzer-WISE Survey of the Ecliptic Poles}",
      journal = {\apj},
     keywords = {catalogs, galaxies: photometry, galaxies: statistics, stars: statistics, surveys},
         year = 2011,
        month = jul,
       volume = {735},
       number = {2},
          eid = {112},
        pages = {112},
          doi = {10.1088/0004-637X/735/2/112},
       adsurl = {https://ui.adsabs.harvard.edu/abs/2011ApJ...735..112J},
      adsnote = {Provided by the SAO/NASA Astrophysics Data System}
}

@ARTICLE{2010AJ....140.1868W,
       author = {{Wright}, Edward L. and {Eisenhardt}, Peter R.~M. and {Mainzer}, Amy K. and {Ressler}, Michael E. and {Cutri}, Roc M. and {Jarrett}, Thomas and {Kirkpatrick}, J. Davy and {Padgett}, Deborah and {McMillan}, Robert S. and {Skrutskie}, Michael and {Stanford}, S.~A. and {Cohen}, Martin and {Walker}, Russell G. and {Mather}, John C. and {Leisawitz}, David and {Gautier}, Thomas N., III and {McLean}, Ian and {Benford}, Dominic and {Lonsdale}, Carol J. and {Blain}, Andrew and {Mendez}, Bryan and {Irace}, William R. and {Duval}, Valerie and {Liu}, Fengchuan and {Royer}, Don and {Heinrichsen}, Ingolf and {Howard}, Joan and {Shannon}, Mark and {Kendall}, Martha and {Walsh}, Amy L. and {Larsen}, Mark and {Cardon}, Joel G. and {Schick}, Scott and {Schwalm}, Mark and {Abid}, Mohamed and {Fabinsky}, Beth and {Naes}, Larry and {Tsai}, Chao-Wei},
        title = "{The Wide-field Infrared Survey Explorer (WISE): Mission Description and Initial On-orbit Performance}",
      journal = {\aj},
     keywords = {infrared: general, space vehicles, surveys, Astrophysics - Instrumentation and Methods for Astrophysics},
         year = 2010,
        month = dec,
       volume = {140},
       number = {6},
        pages = {1868-1881},
          doi = {10.1088/0004-6256/140/6/1868},
archivePrefix = {arXiv},
       eprint = {1008.0031},
 primaryClass = {astro-ph.IM},
       adsurl = {https://ui.adsabs.harvard.edu/abs/2010AJ....140.1868W},
      adsnote = {Provided by the SAO/NASA Astrophysics Data System}
}

@ARTICLE{2014ApJ...792...30M,
       author = {{Mainzer}, A. and {Bauer}, J. and {Cutri}, R.~M. and {Grav}, T. and {Masiero}, J. and {Beck}, R. and {Clarkson}, P. and {Conrow}, T. and {Dailey}, J. and {Eisenhardt}, P. and {Fabinsky}, B. and {Fajardo-Acosta}, S. and {Fowler}, J. and {Gelino}, C. and {Grillmair}, C. and {Heinrichsen}, I. and {Kendall}, M. and {Kirkpatrick}, J. Davy and {Liu}, F. and {Masci}, F. and {McCallon}, H. and {Nugent}, C.~R. and {Papin}, M. and {Rice}, E. and {Royer}, D. and {Ryan}, T. and {Sevilla}, P. and {Sonnett}, S. and {Stevenson}, R. and {Thompson}, D.~B. and {Wheelock}, S. and {Wiemer}, D. and {Wittman}, M. and {Wright}, E. and {Yan}, L.},
        title = "{Initial Performance of the NEOWISE Reactivation Mission}",
      journal = {\apj},
     keywords = {comets: general, infrared: general, minor planets, asteroids: general, space vehicles, surveys, Astrophysics - Earth and Planetary Astrophysics},
         year = 2014,
        month = sep,
       volume = {792},
       number = {1},
          eid = {30},
        pages = {30},
          doi = {10.1088/0004-637X/792/1/30},
archivePrefix = {arXiv},
       eprint = {1406.6025},
 primaryClass = {astro-ph.EP},
       adsurl = {https://ui.adsabs.harvard.edu/abs/2014ApJ...792...30M},
      adsnote = {Provided by the SAO/NASA Astrophysics Data System}
}

@ARTICLE{2014ApJ...788...48S,
       author = {{Shappee}, B.~J. and {Prieto}, J.~L. and {Grupe}, D. and
         {Kochanek}, C.~S. and {Stanek}, K.~Z. and {De Rosa}, G. and
         {Mathur}, S. and {Zu}, Y. and {Peterson}, B.~M. and {Pogge}, R.~W. and
         {Komossa}, S. and {Im}, M. and {Jencson}, J. and {Holoien}, T.~W. -S. and
         {Basu}, U. and {Beacom}, J.~F. and {Szczygie{\l}}, D.~M. and
         {Brimacombe}, J. and {Adams}, S. and {Campillay}, A. and {Choi}, C. and
         {Contreras}, C. and {Dietrich}, M. and {Dubberley}, M. and
         {Elphick}, M. and {Foale}, S. and {Giustini}, M. and {Gonzalez}, C. and
         {Hawkins}, E. and {Howell}, D.~A. and {Hsiao}, E.~Y. and {Koss}, M. and
         {Leighly}, K.~M. and {Morrell}, N. and {Mudd}, D. and {Mullins}, D. and
         {Nugent}, J.~M. and {Parrent}, J. and {Phillips}, M.~M. and
         {Pojmanski}, G. and {Rosing}, W. and {Ross}, R. and {Sand}, D. and
         {Terndrup}, D.~M. and {Valenti}, S. and {Walker}, Z. and {Yoon}, Y.},
        title = "{The Man behind the Curtain: X-Rays Drive the UV through NIR Variability in the 2013 Active Galactic Nucleus Outburst in NGC 2617}",
      journal = {\apj},
     keywords = {galaxies: active, galaxies: nuclei, galaxies: Seyfert, line: formation, line: profiles, Astrophysics - High Energy Astrophysical Phenomena, Astrophysics - Cosmology and Nongalactic Astrophysics},
         year = 2014,
        month = jun,
       volume = {788},
       number = {1},
          eid = {48},
        pages = {48},
          doi = {10.1088/0004-637X/788/1/48},
archivePrefix = {arXiv},
       eprint = {1310.2241},
 primaryClass = {astro-ph.HE},
       adsurl = {https://ui.adsabs.harvard.edu/abs/2014ApJ...788...48S},
      adsnote = {Provided by the SAO/NASA Astrophysics Data System}
}

@ARTICLE{2017PASP..129j4502K,
       author = {{Kochanek}, C.~S. and {Shappee}, B.~J. and {Stanek}, K.~Z. and {Holoien}, T.~W. -S. and {Thompson}, Todd A. and {Prieto}, J.~L. and {Dong}, Subo and {Shields}, J.~V. and {Will}, D. and {Britt}, C. and {Perzanowski}, D. and {Pojma{\'n}ski}, G.},
        title = "{The All-Sky Automated Survey for Supernovae (ASAS-SN) Light Curve Server v1.0}",
      journal = {\pasp},
     keywords = {Astrophysics - Solar and Stellar Astrophysics, Astrophysics - Instrumentation and Methods for Astrophysics},
         year = 2017,
        month = oct,
       volume = {129},
       number = {980},
        pages = {104502},
          doi = {10.1088/1538-3873/aa80d9},
archivePrefix = {arXiv},
       eprint = {1706.07060},
 primaryClass = {astro-ph.SR},
       adsurl = {https://ui.adsabs.harvard.edu/abs/2017PASP..129j4502K},
      adsnote = {Provided by the SAO/NASA Astrophysics Data System}
}

@ARTICLE{2019MNRAS.485..961J,
       author = {{Jayasinghe}, T. and {Stanek}, K.~Z. and {Kochanek}, C.~S. and
         {Shappee}, B.~J. and {Holoien}, T.~W. -S. and {Thompson}, Todd A. and
         {Prieto}, J.~L. and {Dong}, Subo and {Pawlak}, M. and {Pejcha}, O. and
         {Shields}, J.~V. and {Pojmanski}, G. and {Otero}, S. and {Hurst}, N. and
         {Britt}, C.~A. and {Will}, D.},
        title = "{The ASAS-SN catalogue of variable stars III: variables in the southern TESS continuous viewing zone}",
      journal = {\mnras},
     keywords = {catalogues, surveys, binaries: eclipsing, Astrophysics - Solar and Stellar Astrophysics},
         year = 2019,
        month = may,
       volume = {485},
       number = {1},
        pages = {961-971},
          doi = {10.1093/mnras/stz444},
archivePrefix = {arXiv},
       eprint = {1901.00009},
 primaryClass = {astro-ph.SR},
       adsurl = {https://ui.adsabs.harvard.edu/abs/2019MNRAS.485..961J},
      adsnote = {Provided by the SAO/NASA Astrophysics Data System}
}

@ARTICLE{2018ATel11893....1D,
       author = {{Dai}, X. and {Stanek}, K.~Z. and {Kochanek}, C.~S. and {Shappee}, B.~J. and {ASAS-SN Collaboration}},
        title = "{ASAS-SN Light Curve Reveals Dramatic Variability of Seyfert 1.5 AGN in NGC 1566}",
      journal = {The Astronomer's Telegram},
     keywords = {AGN},
         year = 2018,
        month = jul,
       volume = {11893},
        pages = {1},
       adsurl = {https://ui.adsabs.harvard.edu/abs/2018ATel11893....1D},
      adsnote = {Provided by the SAO/NASA Astrophysics Data System}
}

@ARTICLE{2011PASJ...63S.623M,
       author = {{Mihara}, Tatehiro and {Nakajima}, Motoki and {Sugizaki}, Mutsumi and {Serino}, Motoko and {Matsuoka}, Masaru and {Kohama}, Mitsuhiro and {Kawasaki}, Kazuyoshi and {Tomida}, Hiroshi and {Ueno}, Shiro and {Kawai}, Nobuyuki and {Kataoka}, Jun and {Morii}, Mikio and {Yoshida}, Atsumasa and {Yamaoka}, Kazutaka and {Nakahira}, Satoshi and {Negoro}, Hitoshi and {Isobe}, Naoki and {Yamauchi}, Makoto and {Sakurai}, Ikuya},
        title = "{Gas Slit Camera (GSC) onboard MAXI on ISS}",
      journal = {\pasj},
     keywords = {Astrophysics - Instrumentation and Methods for Astrophysics},
         year = 2011,
        month = nov,
       volume = {63},
        pages = {S623-S634},
          doi = {10.1093/pasj/63.sp3.S623},
archivePrefix = {arXiv},
       eprint = {1103.4224},
 primaryClass = {astro-ph.IM},
       adsurl = {https://ui.adsabs.harvard.edu/abs/2011PASJ...63S.623M},
      adsnote = {Provided by the SAO/NASA Astrophysics Data System}
}


@ARTICLE{2009PASJ...61..999M,
       author = {{Matsuoka}, Masaru and {Kawasaki}, Kazuyoshi and {Ueno}, Shiro and {Tomida}, Hiroshi and {Kohama}, Mitsuhiro and {Suzuki}, Motoko and {Adachi}, Yasuki and {Ishikawa}, Masaki and {Mihara}, Tatehiro and {Sugizaki}, Mutsumi and {Isobe}, Naoki and {Nakagawa}, Yujin and {Tsunemi}, Hiroshi and {Miyata}, Emi and {Kawai}, Nobuyuki and {Kataoka}, Jun and {Morii}, Mikio and {Yoshida}, Atsumasa and {Negoro}, Hitoshi and {Nakajima}, Motoki and {Ueda}, Yoshihiro and {Chujo}, Hirotaka and {Yamaoka}, Kazutaka and {Yamazaki}, Osamu and {Nakahira}, Satoshi and {You}, Tetsuya and {Ishiwata}, Ryoji and {Miyoshi}, Sho and {Eguchi}, Satoshi and {Hiroi}, Kazuo and {Katayama}, Haruyoshi and {Ebisawa}, Ken},
        title = "{The MAXI Mission on the ISS: Science and Instruments for Monitoring All-Sky X-Ray Images}",
      journal = {\pasj},
     keywords = {catalogs: X-ray source catalogue, instrumentation: All Sky Monitor (ASM), stars: X-ray novae, stars: X-ray transients, X-ray: AGN, X-ray: GRB, Astrophysics - Instrumentation and Methods for Astrophysics, Astrophysics - High Energy Astrophysical Phenomena},
         year = 2009,
        month = oct,
       volume = {61},
        pages = {999},
          doi = {10.1093/pasj/61.5.999},
archivePrefix = {arXiv},
       eprint = {0906.0631},
 primaryClass = {astro-ph.IM},
       adsurl = {https://ui.adsabs.harvard.edu/abs/2009PASJ...61..999M},
      adsnote = {Provided by the SAO/NASA Astrophysics Data System}
}



@ARTICLE{2011PASJ...63..397T,
       author = {{Tomida}, Hiroshi and {Tsunemi}, Hiroshi and {Kimura}, Masashi and {Kitayama}, Hiroki and {Matsuoka}, Masaru and {Ueno}, Shiro and {Kawasaki}, Kazuyoshi and {Katayama}, Haruyoshi and {Miyaguchi}, Kazuhisa and {Maeda}, Kentaro and {Daikyuji}, Arata and {Isobe}, Naoki},
        title = "{Solid-State Slit Camera (SSC) Aboard MAXI}",
      journal = {\pasj},
     keywords = {instrumentation: detectors, methods: data analysis, space vehicles: instruments, X-rays: general, Astrophysics - Instrumentation and Methods for Astrophysics},
         year = 2011,
        month = apr,
       volume = {63},
        pages = {397-405},
          doi = {10.1093/pasj/63.2.397},
archivePrefix = {arXiv},
       eprint = {1101.3651},
 primaryClass = {astro-ph.IM},
       adsurl = {https://ui.adsabs.harvard.edu/abs/2011PASJ...63..397T},
      adsnote = {Provided by the SAO/NASA Astrophysics Data System}
}

@ARTICLE{2014A&A...564A.125B,
       author = {{Buchner}, J. and {Georgakakis}, A. and {Nandra}, K. and {Hsu}, L. and {Rangel}, C. and {Brightman}, M. and {Merloni}, A. and {Salvato}, M. and {Donley}, J. and {Kocevski}, D.},
        title = "{X-ray spectral modelling of the AGN obscuring region in the CDFS: Bayesian model selection and catalogue}",
      journal = {\aap},
     keywords = {accretion, accretion disks, methods: data analysis, methods: statistical, galaxies: nuclei, X-rays: galaxies, galaxies: high-redshift, Astrophysics - High Energy Astrophysical Phenomena, Astrophysics - Cosmology and Nongalactic Astrophysics},
         year = 2014,
        month = apr,
       volume = {564},
          eid = {A125},
        pages = {A125},
          doi = {10.1051/0004-6361/201322971},
archivePrefix = {arXiv},
       eprint = {1402.0004},
 primaryClass = {astro-ph.HE},
       adsurl = {https://ui.adsabs.harvard.edu/abs/2014A&A...564A.125B},
      adsnote = {Provided by the SAO/NASA Astrophysics Data System}
}

@ARTICLE{2020MNRAS.495.2921N,
       author = {{Noda}, Hirofumi and {Kawamuro}, Taiki and {Kokubo}, Mitsuru and {Minezaki}, Takeo},
        title = "{Dust reverberation mapping of type 2 AGN NGC 2110 realized with X-ray and 3-5 {\ensuremath{\mu}}m IR monitoring}",
      journal = {\mnras},
     keywords = {galaxies: active, galaxies: individual: NGC 2110, galaxies: Seyfert, infrared: galaxies; X-rays: galaxies, Astrophysics - Astrophysics of Galaxies, Astrophysics - High Energy Astrophysical Phenomena},
         year = 2020,
        month = jul,
       volume = {495},
       number = {3},
        pages = {2921-2929},
          doi = {10.1093/mnras/staa1376},
archivePrefix = {arXiv},
       eprint = {2005.07339},
 primaryClass = {astro-ph.GA},
       adsurl = {https://ui.adsabs.harvard.edu/abs/2020MNRAS.495.2921N},
      adsnote = {Provided by the SAO/NASA Astrophysics Data System}
}

@ARTICLE{2019ApJ...886...33L,
       author = {{Lyu}, Jianwei and {Rieke}, George H. and {Smith}, Paul S.},
        title = "{Mid-IR Variability and Dust Reverberation Mapping of Low-z Quasars. I. Data, Methods, and Basic Results}",
      journal = {\apj},
     keywords = {Active galactic nuclei, Quasars, Radio loud quasars, Radio quiet quasars, Infrared astronomy, Reverberation mapping, Time series analysis, Dust continuum emission, Extragalactic astronomy, Supermassive black holes, Infrared galaxies, 16, 1319, 1349, 1354, 786, 2019, 1916, 412, 506, 1663, 790, Astrophysics - Astrophysics of Galaxies, Astrophysics - Cosmology and Nongalactic Astrophysics},
         year = 2019,
        month = nov,
       volume = {886},
       number = {1},
          eid = {33},
        pages = {33},
          doi = {10.3847/1538-4357/ab481d},
archivePrefix = {arXiv},
       eprint = {1909.11101},
 primaryClass = {astro-ph.GA},
       adsurl = {https://ui.adsabs.harvard.edu/abs/2019ApJ...886...33L},
      adsnote = {Provided by the SAO/NASA Astrophysics Data System}
}

@ARTICLE{2014ApJ...788..159K,
       author = {{Koshida}, Shintaro and {Minezaki}, Takeo and {Yoshii}, Yuzuru and {Kobayashi}, Yukiyasu and {Sakata}, Yu and {Sugawara}, Shota and {Enya}, Keigo and {Suganuma}, Masahiro and {Tomita}, Hiroyuki and {Aoki}, Tsutomu and {Peterson}, Bruce A.},
        title = "{Reverberation Measurements of the Inner Radius of the Dust Torus in 17 Seyfert Galaxies}",
      journal = {\apj},
     keywords = {dust, extinction, galaxies: active, galaxies: Seyfert, infrared: galaxies, Astrophysics - Astrophysics of Galaxies},
         year = 2014,
        month = jun,
       volume = {788},
       number = {2},
          eid = {159},
        pages = {159},
          doi = {10.1088/0004-637X/788/2/159},
archivePrefix = {arXiv},
       eprint = {1406.2078},
 primaryClass = {astro-ph.GA},
       adsurl = {https://ui.adsabs.harvard.edu/abs/2014ApJ...788..159K},
      adsnote = {Provided by the SAO/NASA Astrophysics Data System}
}

@ARTICLE{2021MNRAS.501.3905M,
       author = {{Mandal}, Amit Kumar and {Rakshit}, Suvendu and {Stalin}, C.~S. and {Wylezalek}, Dominika and {Patig}, Markus Kissler and {Sagar}, Ram and {Mathew}, Blesson and {Muneer}, S. and {Pal}, Indrani},
        title = "{Dust reverberation mapping of Z229-15}",
      journal = {\mnras},
     keywords = {galaxies: active, galaxies: individual: Z229-15, galaxies: Seyfert, Astrophysics - Astrophysics of Galaxies},
         year = 2021,
        month = mar,
       volume = {501},
       number = {3},
        pages = {3905-3915},
          doi = {10.1093/mnras/staa3828},
archivePrefix = {arXiv},
       eprint = {2012.04906},
 primaryClass = {astro-ph.GA},
       adsurl = {https://ui.adsabs.harvard.edu/abs/2021MNRAS.501.3905M},
      adsnote = {Provided by the SAO/NASA Astrophysics Data System}
}

@ARTICLE{1993ARA&A..31..473A,
       author = {{Antonucci}, Robert},
        title = "{Unified models for active galactic nuclei and quasars.}",
      journal = {Annual Review of Astronomy and Astrophysics},
     keywords = {Active Galactic Nuclei, Astronomical Polarimetry, Quasars, Radio Galaxies, Astronomical Spectroscopy, Bl Lacertae Objects, Blazars, Astrophysics},
         year = "1993",
        month = "Jan",
       volume = {31},
        pages = {473-521},
          doi = {10.1146/annurev.aa.31.090193.002353},
       adsurl = {https://ui.adsabs.harvard.edu/abs/1993ARA&A..31..473A},
      adsnote = {Provided by the SAO/NASA Astrophysics Data System}
}

@ARTICLE{2015ApJ...800..144L,
       author = {{LaMassa}, Stephanie M. and {Cales}, Sabrina and {Moran}, Edward C. and
         {Myers}, Adam D. and {Richards}, Gordon T. and {Eracleous}, Michael and
         {Heckman}, Timothy M. and {Gallo}, Luigi and {Urry}, C. Megan},
        title = "{The Discovery of the First {\textquotedblleft}Changing Look{\textquotedblright} Quasar: New Insights Into the Physics and Phenomenology of Active Galactic Nucleus}",
      journal = {\apj},
     keywords = {accretion, accretion disks, line: profiles, quasars: emission lines, quasars: general, quasars: individual: SDSS J015957.64+003310.5, quasars: supermassive black holes, Astrophysics - Astrophysics of Galaxies},
         year = "2015",
        month = "Feb",
       volume = {800},
       number = {2},
          eid = {144},
        pages = {144},
          doi = {10.1088/0004-637X/800/2/144},
archivePrefix = {arXiv},
       eprint = {1412.2136},
 primaryClass = {astro-ph.GA},
       adsurl = {https://ui.adsabs.harvard.edu/abs/2015ApJ...800..144L},
      adsnote = {Provided by the SAO/NASA Astrophysics Data System}
}


@ARTICLE{2021ApJ...913..146M,
       author = {{Mishra}, Hora D. and {Dai}, Xinyu and {Chen}, Ping and {Cheng}, Jigui and {Jayasinghe}, T. and {Tucker}, Michael A. and {Vallely}, Patrick J. and {Bersier}, David and {Bose}, Subhash and {Do}, Aaron and {Dong}, Subo and {Holoien}, Thomas W. -S. and {Huber}, Mark E. and {Kochanek}, Christopher S. and {Liang}, Enwei and {Payne}, Anna V. and {Prieto}, Jose and {Shappee}, Benjamin J. and {Stanek}, K.~Z. and {Bhatiani}, Saloni and {Cox}, John and {DeFrancesco}, Cora and {Shen}, Zhiqiang and {Thompson}, Todd A. and {Wang}, Junfeng},
        title = "{The Changing-look Blazar B2 1420+32}",
      journal = {\apj},
     keywords = {Active galactic nuclei, Blazars, Radio loud quasars, black hole physics, Quasars, Time domain astronomy, 16, 164, 1349, 159, 1319, 2109, Astrophysics - High Energy Astrophysical Phenomena, Astrophysics - Astrophysics of Galaxies},
         year = 2021,
        month = jun,
       volume = {913},
       number = {2},
          eid = {146},
        pages = {146},
          doi = {10.3847/1538-4357/abf63d},
archivePrefix = {arXiv},
       eprint = {2103.08707},
 primaryClass = {astro-ph.HE},
       adsurl = {https://ui.adsabs.harvard.edu/abs/2021ApJ...913..146M},
      adsnote = {Provided by the SAO/NASA Astrophysics Data System}
}



 @ARTICLE{2014ApJ...796..134D,
       author = {{Denney}, K.~D. and {De Rosa}, G. and {Croxall}, K. and {Gupta}, A. and
         {Bentz}, M.~C. and {Fausnaugh}, M.~M. and {Grier}, C.~J. and
         {Martini}, P. and {Mathur}, S. and {Peterson}, B.~M. and
         {Pogge}, R.~W. and {Shappee}, B.~J.},
        title = "{The Typecasting of Active Galactic Nuclei: Mrk 590 no Longer Fits the Role}",
      journal = {\apj},
     keywords = {galaxies: active, galaxies: individual: Mrk 590, galaxies: nuclei, galaxies: Seyfert, quasars: emission lines, Astrophysics - Astrophysics of Galaxies, Astrophysics - Cosmology and Nongalactic Astrophysics},
         year = "2014",
        month = "Dec",
       volume = {796},
       number = {2},
          eid = {134},
        pages = {134},
          doi = {10.1088/0004-637X/796/2/134},
archivePrefix = {arXiv},
       eprint = {1404.4879},
 primaryClass = {astro-ph.GA},
       adsurl = {https://ui.adsabs.harvard.edu/abs/2014ApJ...796..134D},
      adsnote = {Provided by the SAO/NASA Astrophysics Data System}
}

@ARTICLE{2020ApJ...890L..29A,
       author = {{Ai}, Yanli and {Dou}, Liming and {Yang}, Chenwei and {Sun}, Luming and
         {Xie}, Fu-Guo and {Yao}, Su and {Wu}, Xue-Bing and {Wang}, Tinggui and
         {Shu}, Xinwen and {Jiang}, Ning},
        title = "{X-Ray Spectral Shape Variation in Changing-look Seyfert Galaxy SDSS J155258+273728}",
      journal = {\apjl},
         year = 2020,
        month = feb,
       volume = {890},
       number = {2},
          eid = {L29},
        pages = {L29},
          doi = {10.3847/2041-8213/ab7306},
       adsurl = {https://ui.adsabs.harvard.edu/abs/2020ApJ...890L..29A},
      adsnote = {Provided by the SAO/NASA Astrophysics Data System}
}



@INPROCEEDINGS{2021AIPC.2319d0007H,
       author = {{Hamid}, Muhammad Ezzat Abdul and {Annuar}, Adlyka},
        title = "{Changing-look active galactic nuclei candidates at z {\ensuremath{\leq}} 0.02 in the 105-month swift-BAT catalogue}",
    booktitle = {American Institute of Physics Conference Series},
         year = 2021,
       series = {American Institute of Physics Conference Series},
       volume = {2319},
        month = feb,
          eid = {040007},
        pages = {040007},
          doi = {10.1063/5.0037033},
       adsurl = {https://ui.adsabs.harvard.edu/abs/2021AIPC.2319d0007H},
      adsnote = {Provided by the SAO/NASA Astrophysics Data System}
}




@ARTICLE{2013MNRAS.436.1615M,
       author = {{Marin}, F. and {Porquet}, D. and {Goosmann}, R.~W. and {Dov{\v{c}}iak}, M. and {Muleri}, F. and {Grosso}, N. and {Karas}, V.},
        title = "{Modelling the X-ray polarimetric signatures of complex geometry: the case study of the `changing look' active galactic nucleus NGC 1365}",
      journal = {\mnras},
     keywords = {line: profiles, polarization, radiative transfer, scattering, galaxies: active, X-rays: galaxies, Astrophysics - High Energy Astrophysical Phenomena, Astrophysics - Cosmology and Extragalactic Astrophysics, General Relativity and Quantum Cosmology, 85-05, J.2.3, J.2.9},
         year = 2013,
        month = dec,
       volume = {436},
       number = {2},
        pages = {1615-1620},
          doi = {10.1093/mnras/stt1677},
archivePrefix = {arXiv},
       eprint = {1309.1691},
 primaryClass = {astro-ph.HE},
       adsurl = {https://ui.adsabs.harvard.edu/abs/2013MNRAS.436.1615M},
      adsnote = {Provided by the SAO/NASA Astrophysics Data System}
}

@ARTICLE{2015ApJ...815...55R,
       author = {{Rivers}, E. and {Balokovi{\'c}}, M. and {Ar{\'e}valo}, P. and {Bauer}, F.~E. and {Boggs}, S.~E. and {Brandt}, W.~N. and {Brightman}, M. and {Christensen}, F.~E. and {Craig}, W.~W. and {Gandhi}, P. and {Hailey}, C.~J. and {Harrison}, F. and {Koss}, M. and {Ricci}, C. and {Stern}, D. and {Walton}, D.~J. and {Zhang}, W.~W.},
        title = "{The NuSTAR View of Reflection and Absorption in NGC 7582}",
      journal = {\apj},
     keywords = {galaxies: active, galaxies: individual: NGC 7582, X-rays: galaxies, Astrophysics - High Energy Astrophysical Phenomena},
         year = 2015,
        month = dec,
       volume = {815},
       number = {1},
          eid = {55},
        pages = {55},
          doi = {10.1088/0004-637X/815/1/55},
archivePrefix = {arXiv},
       eprint = {1511.01951},
 primaryClass = {astro-ph.HE},
       adsurl = {https://ui.adsabs.harvard.edu/abs/2015ApJ...815...55R},
      adsnote = {Provided by the SAO/NASA Astrophysics Data System}
}

@ARTICLE{2018MNRAS.481.2470T,
       author = {{Turner}, T.~J. and {Reeves}, J.~N. and {Braito}, V. and {Lobban}, A. and {Kraemer}, S. and {Miller}, L.},
        title = "{A rapid occultation event in NGC 3227}",
      journal = {\mnras},
     keywords = {galaxies: active, galaxies: individual: NGC 3227, galaxies: Seyfert, X-rays: galaxies, Astrophysics - High Energy Astrophysical Phenomena},
         year = 2018,
        month = dec,
       volume = {481},
       number = {2},
        pages = {2470-2478},
          doi = {10.1093/mnras/sty2447},
archivePrefix = {arXiv},
       eprint = {1809.01172},
 primaryClass = {astro-ph.HE},
       adsurl = {https://ui.adsabs.harvard.edu/abs/2018MNRAS.481.2470T},
      adsnote = {Provided by the SAO/NASA Astrophysics Data System}
}

@ARTICLE{1984MNRAS.211P..33P,
       author = {{Penston}, M.~V. and {Perez}, E.},
        title = "{An evolutionary link between Seyfert I and II galaxies.}",
      journal = {\mnras},
     keywords = {Astronomical Spectroscopy, Galactic Evolution, Seyfert Galaxies, Continuous Spectra, Data Reduction, H Alpha Line, H Gamma Line, Astrophysics},
         year = 1984,
        month = nov,
       volume = {211},
        pages = {33P-39},
          doi = {10.1093/mnras/211.1.33P},
       adsurl = {https://ui.adsabs.harvard.edu/abs/1984MNRAS.211P..33P},
      adsnote = {Provided by the SAO/NASA Astrophysics Data System}
}

@ARTICLE{2014MNRAS.438.3340E,
       author = {{Elitzur}, Moshe and {Ho}, Luis C. and {Trump}, Jonathan R.},
        title = "{Evolution of broad-line emission from active galactic nuclei}",
      journal = {\mnras},
     keywords = {galaxies: active, galaxies: nuclei, quasars: emission lines, quasars: general, Astrophysics - Astrophysics of Galaxies, Astrophysics - Cosmology and Nongalactic Astrophysics},
         year = 2014,
        month = mar,
       volume = {438},
       number = {4},
        pages = {3340-3351},
          doi = {10.1093/mnras/stt2445},
archivePrefix = {arXiv},
       eprint = {1312.4922},
 primaryClass = {astro-ph.GA},
       adsurl = {https://ui.adsabs.harvard.edu/abs/2014MNRAS.438.3340E},
      adsnote = {Provided by the SAO/NASA Astrophysics Data System}
}


@ARTICLE{2021MNRAS.508..144G,
       author = {{Guolo}, Muryel and {Ruschel-Dutra}, Daniel and {Grupe}, Dirk and {Peterson}, Bradley M. and {Storchi-Bergmann}, Thaisa and {Schimoia}, Jaderson and {Nemmen}, Rodrigo and {Robinson}, Andrew},
        title = "{The Eddington ratio-dependent 'changing look' events in NGC 2992}",
      journal = {\mnras},
     keywords = {galaxies: nuclei, galaxies: Seyfert, X-rays: galaxies, Astrophysics - Astrophysics of Galaxies, Astrophysics - High Energy Astrophysical Phenomena},
         year = 2021,
        month = nov,
       volume = {508},
       number = {1},
        pages = {144-156},
          doi = {10.1093/mnras/stab2550},
archivePrefix = {arXiv},
       eprint = {2109.06914},
 primaryClass = {astro-ph.GA},
       adsurl = {https://ui.adsabs.harvard.edu/abs/2021MNRAS.508..144G},
      adsnote = {Provided by the SAO/NASA Astrophysics Data System}
}


@ARTICLE{2021ApJ...912..126L,
       author = {{Lyu}, Jianwei and {Rieke}, George H.},
        title = "{The Dusty Heart of NGC 4151 Revealed by {\ensuremath{\lambda}} {\ensuremath{\sim}} 1-40 {\ensuremath{\mu}}m Reverberation Mapping and Variability: A Challenge to Current Clumpy Torus Models}",
      journal = {\apj},
     keywords = {Active galactic nuclei, Dust continuum emission, Reverberation mapping, Galaxy nuclei, Interstellar dust, Extragalactic astronomy, Seyfert galaxies, 16, 412, 2019, 609, 836, 506, 1447, Astrophysics - Astrophysics of Galaxies, Astrophysics - Cosmology and Nongalactic Astrophysics},
         year = 2021,
        month = may,
       volume = {912},
       number = {2},
          eid = {126},
        pages = {126},
          doi = {10.3847/1538-4357/abee14},
archivePrefix = {arXiv},
       eprint = {2011.07638},
 primaryClass = {astro-ph.GA},
       adsurl = {https://ui.adsabs.harvard.edu/abs/2021ApJ...912..126L},
      adsnote = {Provided by the SAO/NASA Astrophysics Data System}
}


@ARTICLE{2017A&A...603A..50B,
       author = {{Beuchert}, T. and {Markowitz}, A.~G. and {Dauser}, T. and {Garc{\'\i}a}, J.~A. and {Keck}, M.~L. and {Wilms}, J. and {Kadler}, M. and {Brenneman}, L.~W. and {Zdziarski}, A.~A.},
        title = "{A Suzaku, NuSTAR, and XMM-Newton view on variable absorption and relativistic reflection in NGC 4151}",
      journal = {\aap},
     keywords = {galaxies: active, galaxies: nuclei, galaxies: individual: NGC 4151, galaxies: Seyfert, X-rays: galaxies, Astrophysics - High Energy Astrophysical Phenomena, Astrophysics - Astrophysics of Galaxies},
         year = 2017,
        month = jul,
       volume = {603},
          eid = {A50},
        pages = {A50},
          doi = {10.1051/0004-6361/201630293},
archivePrefix = {arXiv},
       eprint = {1703.10856},
 primaryClass = {astro-ph.HE},
       adsurl = {https://ui.adsabs.harvard.edu/abs/2017A&A...603A..50B},
      adsnote = {Provided by the SAO/NASA Astrophysics Data System}
}

@ARTICLE{2008A&A...486...99S,
       author = {{Shapovalova}, A.~I. and {Popovi{\'c}}, L. {\v{C}}. and {Collin}, S. and {Burenkov}, A.~N. and {Chavushyan}, V.~H. and {Bochkarev}, N.~G. and {Ben{\'\i}tez}, E. and {Dultzin}, D. and {Kova{\v{c}}evi{\'c}}, A. and {Borisov}, N. and {Carrasco}, L. and {Le{\'o}n-Tavares}, J. and {Mercado}, A. and {Valdes}, J.~R. and {Vlasuyk}, V.~V. and {Zhdanova}, V.~E.},
        title = "{Long-term variability of the optical spectra of NGC 4151. I. Light curves and flux correlations}",
      journal = {\aap},
     keywords = {galaxies: active, galaxies: individual: NGC 4151, Astrophysics},
         year = 2008,
        month = jul,
       volume = {486},
       number = {1},
        pages = {99-111},
          doi = {10.1051/0004-6361:20079111},
archivePrefix = {arXiv},
       eprint = {0804.0910},
 primaryClass = {astro-ph},
       adsurl = {https://ui.adsabs.harvard.edu/abs/2008A&A...486...99S},
      adsnote = {Provided by the SAO/NASA Astrophysics Data System}
}


@ARTICLE{2020A&A...641A.167S,
       author = {{Sniegowska}, M. and {Czerny}, B. and {Bon}, E. and {Bon}, N.},
        title = "{Possible mechanism for multiple changing-look phenomena in active galactic nuclei}",
      journal = {\aap},
     keywords = {accretion, accretion disks, galaxies: active, Astrophysics - Astrophysics of Galaxies, Astrophysics - High Energy Astrophysical Phenomena},
         year = 2020,
        month = sep,
       volume = {641},
          eid = {A167},
        pages = {A167},
          doi = {10.1051/0004-6361/202038575},
archivePrefix = {arXiv},
       eprint = {2007.06441},
 primaryClass = {astro-ph.GA},
       adsurl = {https://ui.adsabs.harvard.edu/abs/2020A&A...641A.167S},
      adsnote = {Provided by the SAO/NASA Astrophysics Data System}
}


@ARTICLE{2011MNRAS.417.2571N,
       author = {{Nardini}, E. and {Risaliti}, G.},
        title = "{The effects of X-ray absorption variability in NGC 4395}",
      journal = {\mnras},
     keywords = {galaxies: active, galaxies: individual: NGC 4395, X-rays: galaxies, Astrophysics - Cosmology and Nongalactic Astrophysics},
         year = 2011,
        month = nov,
       volume = {417},
       number = {4},
        pages = {2571-2576},
          doi = {10.1111/j.1365-2966.2011.19423.x},
archivePrefix = {arXiv},
       eprint = {1107.2405},
 primaryClass = {astro-ph.CO},
       adsurl = {https://ui.adsabs.harvard.edu/abs/2011MNRAS.417.2571N},
      adsnote = {Provided by the SAO/NASA Astrophysics Data System}
}



@ARTICLE{2010ApJ...720..786L,
       author = {{LaMassa}, Stephanie M. and {Heckman}, Tim M. and {Ptak}, Andrew and {Martins}, Lucimara and {Wild}, Vivienne and {Sonnentrucker}, Paule},
        title = "{Indicators of Intrinsic Active Galactic Nucleus Luminosity: A Multi-wavelength Approach}",
      journal = {\apj},
     keywords = {galaxies: Seyfert, infrared: galaxies, Astrophysics - Cosmology and Nongalactic Astrophysics},
         year = 2010,
        month = sep,
       volume = {720},
       number = {1},
        pages = {786-810},
          doi = {10.1088/0004-637X/720/1/786},
archivePrefix = {arXiv},
       eprint = {1007.0900},
 primaryClass = {astro-ph.CO},
       adsurl = {https://ui.adsabs.harvard.edu/abs/2010ApJ...720..786L},
      adsnote = {Provided by the SAO/NASA Astrophysics Data System}
}

@ARTICLE{2000ApJ...533..631K,
       author = {{Kaspi}, Shai and {Smith}, Paul S. and {Netzer}, Hagai and {Maoz}, Dan and {Jannuzi}, Buell T. and {Giveon}, Uriel},
        title = "{Reverberation Measurements for 17 Quasars and the Size-Mass-Luminosity Relations in Active Galactic Nuclei}",
      journal = {\apj},
     keywords = {GALAXIES: ACTIVE, GALAXIES: QUASARS: EMISSION LINES, GALAXIES: QUASARS: GENERAL, Astrophysics},
         year = 2000,
        month = apr,
       volume = {533},
       number = {2},
        pages = {631-649},
          doi = {10.1086/308704},
archivePrefix = {arXiv},
       eprint = {astro-ph/9911476},
 primaryClass = {astro-ph},
       adsurl = {https://ui.adsabs.harvard.edu/abs/2000ApJ...533..631K},
      adsnote = {Provided by the SAO/NASA Astrophysics Data System}
}

@ARTICLE{2009MNRAS.392.1124V,
       author = {{Vasudevan}, R.~V. and {Fabian}, A.~C.},
        title = "{Simultaneous X-ray/optical/UV snapshots of active galactic nuclei from XMM-Newton: spectral energy distributions for the reverberation mapped sample}",
      journal = {\mnras},
     keywords = {black hole physics, galaxies: active, quasars: general, galaxies: Seyfert, Astrophysics},
         year = 2009,
        month = jan,
       volume = {392},
       number = {3},
        pages = {1124-1140},
          doi = {10.1111/j.1365-2966.2008.14108.x},
archivePrefix = {arXiv},
       eprint = {0810.3777},
 primaryClass = {astro-ph},
       adsurl = {https://ui.adsabs.harvard.edu/abs/2009MNRAS.392.1124V},
      adsnote = {Provided by the SAO/NASA Astrophysics Data System}
}

@ARTICLE{2018ApJS..235....4O,
       author = {{Oh}, Kyuseok and {Koss}, Michael and {Markwardt}, Craig B. and {Schawinski}, Kevin and {Baumgartner}, Wayne H. and {Barthelmy}, Scott D. and {Cenko}, S. Bradley and {Gehrels}, Neil and {Mushotzky}, Richard and {Petulante}, Abigail and {Ricci}, Claudio and {Lien}, Amy and {Trakhtenbrot}, Benny},
        title = "{The 105-Month Swift-BAT All-sky Hard X-Ray Survey}",
      journal = {\apjs},
     keywords = {catalogs, surveys, X-rays: general, Astrophysics - High Energy Astrophysical Phenomena},
         year = 2018,
        month = mar,
       volume = {235},
       number = {1},
          eid = {4},
        pages = {4},
          doi = {10.3847/1538-4365/aaa7fd},
archivePrefix = {arXiv},
       eprint = {1801.01882},
 primaryClass = {astro-ph.HE},
       adsurl = {https://ui.adsabs.harvard.edu/abs/2018ApJS..235....4O},
      adsnote = {Provided by the SAO/NASA Astrophysics Data System}
}

@ARTICLE{2006ApJ...653..137Z,
       author = {{Zhang}, En-Peng and {Wang}, Jian-Min},
        title = "{The Unified Model of Active Galactic Nuclei. I. Non-Hidden Broad-Line Region Seyfert 2 and Narrow-Line Seyfert 1 Galaxies}",
      journal = {\apj},
     keywords = {Galaxies: Active, Galaxies: Seyfert, Polarization, Astrophysics},
         year = 2006,
        month = dec,
       volume = {653},
       number = {1},
        pages = {137-151},
          doi = {10.1086/506515},
archivePrefix = {arXiv},
       eprint = {astro-ph/0606103},
 primaryClass = {astro-ph},
       adsurl = {https://ui.adsabs.harvard.edu/abs/2006ApJ...653..137Z},
      adsnote = {Provided by the SAO/NASA Astrophysics Data System}
}


@ARTICLE{2021MNRAS.506.4188L,
       author = {{Lyu}, Bing and {Yan}, Zhen and {Yu}, Wenfei and {Wu}, Qingwen},
        title = "{Long-term and multiwavelength evolution of a changing-look AGN Mrk 1018}",
      journal = {\mnras},
     keywords = {galaxies: nuclei, galaxies: Seyfert, galaxies: individual: Mrk 1018, Astrophysics - High Energy Astrophysical Phenomena},
         year = 2021,
        month = sep,
       volume = {506},
       number = {3},
        pages = {4188-4198},
          doi = {10.1093/mnras/stab1581},
archivePrefix = {arXiv},
       eprint = {2106.03059},
 primaryClass = {astro-ph.HE},
       adsurl = {https://ui.adsabs.harvard.edu/abs/2021MNRAS.506.4188L},
      adsnote = {Provided by the SAO/NASA Astrophysics Data System}
}


@ARTICLE{2021JOSS....6.3001B,
       author = {{Buchner}, Johannes},
        title = "{UltraNest - a robust, general purpose Bayesian inference engine}",
      journal = {The Journal of Open Source Software},
     keywords = {C, Monte Carlo, Python, Nested Sampling, C++, Bayesian inference, Fortran, Bayes factors, Statistics - Computation, Astrophysics - Instrumentation and Methods for Astrophysics},
         year = 2021,
        month = apr,
       volume = {6},
       number = {60},
          eid = {3001},
        pages = {3001},
          doi = {10.21105/joss.03001},
archivePrefix = {arXiv},
       eprint = {2101.09604},
 primaryClass = {stat.CO},
       adsurl = {https://ui.adsabs.harvard.edu/abs/2021JOSS....6.3001B},
      adsnote = {Provided by the SAO/NASA Astrophysics Data System}
}

@ARTICLE{2014ARA&A..52..529Y,
       author = {{Yuan}, Feng and {Narayan}, Ramesh},
        title = "{Hot Accretion Flows Around Black Holes}",
      journal = {\araa},
     keywords = {Astrophysics - High Energy Astrophysical Phenomena},
         year = 2014,
        month = aug,
       volume = {52},
        pages = {529-588},
          doi = {10.1146/annurev-astro-082812-141003},
archivePrefix = {arXiv},
       eprint = {1401.0586},
 primaryClass = {astro-ph.HE},
       adsurl = {https://ui.adsabs.harvard.edu/abs/2014ARA&A..52..529Y},
      adsnote = {Provided by the SAO/NASA Astrophysics Data System}
}

@ARTICLE{2021PASJ...73..122N,
       author = {{Nagoshi}, Shumpei and {Iwamuro}, Fumihide and {Wada}, Kazuma and {Saito}, Tomoki},
        title = "{Discovery of a new extreme changing-state quasar with 4 mag variation, SDSS J125809.31+351943.0}",
      journal = {\pasj},
     keywords = {galaxies: active, galaxies: nuclei, galaxies: photometry, quasars: emission lines, quasars: supermassive black holes, Astrophysics - Astrophysics of Galaxies, Astrophysics - High Energy Astrophysical Phenomena},
         year = 2021,
        month = feb,
       volume = {73},
       number = {1},
        pages = {122-131},
          doi = {10.1093/pasj/psaa108},
archivePrefix = {arXiv},
       eprint = {2011.01127},
 primaryClass = {astro-ph.GA},
       adsurl = {https://ui.adsabs.harvard.edu/abs/2021PASJ...73..122N},
      adsnote = {Provided by the SAO/NASA Astrophysics Data System}
}



